%%----------------------------------------------------------------------------
%% Bruno
%%----------------------------------------------------------------------------

%% Cycles de développement

@Book{Cycle_V_84,
  author = 	 {Mc Dermid, John and Ripken, Knut},
  title = 	 {Life cycle support in the ADA environment},
  publisher = 	 {University Press},
  year = 	 {1984}
}

@Article{Boehm88,
  author = 	 {Boehm, Barry W.},
  title = 	 {A {S}piral {M}odel of {S}oftware {D}evelopment and {E}nhancement},
  journal = 	 {IEEE Computer},
  year = 	 {1988},
  volume = 	 {21},
  number = 	 {5},
  pages = 	 {61-72}
}

@Book{star_model,
  author = 	 {Hix, Deborah and Hartson, Rex},
  title = 	 {Developping User Interfaces : Ensuring Usability Through Product and Process},
  publisher = 	 {John Wiley},
  year = 	 {1993},
  address = 	 {New York, NJ}
}

@InProceedings{rauterberg92,
  author = 	 {Rauterberg, Matthias},
  title = 	 {An Iterative-Cyclic Software Process Model},
  booktitle = {Proceedings of the Fourth International Conference on Software Engineering and Knowledge Engineering},
  year = 	 {1992},
  editor = 	 {IEEE},
  month = 	 {June}
}

@Article{curtis94,
  author = 	 {Curtis, Bill and Hefley, Bill},
  title = 	 {A {WIMP} {N}o {M}ore: {T}he {M}aturing of {U}ser {I}nterface {E}ngineering},
  journal = 	 {Interactions},
  year = 	 {1994},
  pages = 	 {23-34},
  month = 	 {January}
}

@Book{collins95,
  author = 	 {Collins, Dave},
  title = 	 {Designing Object-Oriented User Interfaces},
  publisher = 	 {Addison-Wesley Object Technology Series},
  year = 	 {1995},
  month = 	 {January}
}

@Article{Goransson03,
  author = 	 {Göransson, B.  and Gulliksen, J. and Boivie, I.},
  title = 	 {The Usability Design Process -- Integrating User-Centered Systems Design in the Software Development Process},
  journal = 	 {Software Process: Improvement and Practice (SPIP)},
  year = 	 {2003},
  volume = 	 {8},
  number = 	 {2}
}

%% Normes standards



@Misc{ARINC,
  title = 	 {A{RINC} 661, {C}ockpit {D}isplay {S}ystem {I}nterfaces to {U}ser {S}ystems},
  howpublished = {http://www.aviation-ia.com/aeec/projects/cds/index.html},
  note = 	 {Airlines Electronic Engineering Committee}
}

@Misc{DO330,
  title = 	 {D{O}330. {S}oftware {T}ool {Q}ualification {C}onsiderations},
  year = 	 {2012},
  note = 	 {RTCA,Inc}
}

@Misc{DO178C,
  title = 	 {D{O}178{C}. {S}oftware {C}onsideration in {A}irborn {S}ystems and {E}quipment {C}ertification, release C},
  year = 	 {2012},
  note = 	 {RTCA,Inc}
}

@Misc{ESAPSS05,
  author = 	 {ESA PSS-05-0},
  title = 	 {Software {E}ngineering {S}tandards},
  howpublished = {Published by ESA Publications Division. ESTEC, Noordwijk, The Netherlands.},
  year = 	 {1994},
  note = 	 {Issue 2, Revision 1},
  annote = 	 {Revision 1}
}

@Misc{GKS,
  author = 	 {ISO},
  title = 	 {The {G}raphical {K}ernel {S}ystem ({GKS})},
  year =         {1985},
  note = 	 {International Organization for Standardization},
  annote = 	 {Geneva, Switzerland}
}

@Misc{LOTOS,
  author = 	 {ISO},
  title = 	 {LOTOS - language of temporal ordering specification},
  year =         {1987},
  note = 	 {Technical Report ISO DP 8807 },
  annote = 	 {ISO DP 8807}
}

%%Automates, Petri et patin couffin

@Article{Harel97,
  author = 	 {Harel, D.},
  title = 	 {Statecharts: {A} visual formalism for complex systems},
  journal = 	 {Science of Computer Programming},
  year = 	 {1987},
  volume = 	 {8},
  number = 	 {3},
  pages = 	 {231-274}
}

@InProceedings{Petri62,
  author = 	 {Petri, C. A.},
  title = 	 {Fundamentals of a theory of asynchronous information flow},
  booktitle = {Proceedings of IFIP Congress},
  year = 	 {1962},
  pages = 	 {386-390},
  address = 	 {München, Germany}
}

@Article{Mealy55,
  author = 	 {Mealy, G. H.},
  title = 	 {A method for synthesizing sequential circuits},
  journal = 	 {Bell System Technical Journal},
  year = 	 {1955},
  volume = 	 {34},
  number = 	 {5},
  pages = 	 {1045-1079}
}

@Article{Moore56,
  author = 	 {Moore, E. F.},
  title = 	 {Gedanken-experiments on Sequential Machines},
  journal = 	 {Annals of Mathematical Studies},
  year = 	 {1956},
  key = 	 {Automata Studies},
  volume = 	 {34},
  pages = 	 {129-153},
  note = 	 {Princeton University Press},
  annote = 	 {Princeton, NJ}

}

%% Modeles interactifs

@STRING(uist= "Proceedings of the ACM UIST")
@STRING(acmtois= "ACM Transactions on Office Information Systems")

@article{jacob-cacm-1983,
	author = "R. J. K. Jacob",
	title = "Using Formal Specifications in the Design of a Human-Computer Interface",
	journal = "Communications of the ACM",
	year = 1983,
	volume = 26,
	pages = "259-264"
}


@article{hartson-survey,
	author = "H. Rex Hartson and Deborah Hix",
	title = "Human-Computer Interface Development: Concepts and Systems for its Management",
	journal = "ACM Computing Surveys",
	year = 1989,
	volume = 21,
	pages = "5-92"
}

@article{myers-ieeecomputer-90,
	author= "Brad A. Myers and others",
	title= "{Garnet}, Comprehensive Support for Graphical, Highly Interactive User Interfaces",
	journal = "IEEE Computer",
	pages= "71-85",
	month = nov, year= 1990,
	index = "uims, toolkit",
	keyword= "garnet"
}

@article{myers-acmtois-90,
	author = "Brad A. Myers",
	title = "A new model for handling input",
	journal = acmtois,
	pages = "289-320",
	month = jul,
	year = 1990
}

@inproceedings{myers-uist-91,
	author = "Brad Myers",
	title = "Separating application code from toolkits: Eliminating the spaghetti of callbacks",
	booktitle = uist,
	year = 1991,
	pages = "211-220",
	publisher = "Addison-Wesley"
}

@inproceedings{chatty-uist-94,
	author = "{St\'ephane} Chatty",
	title = "Extending a Graphical Toolkit for Two-Handed Interaction",
	booktitle = uist,
	year = 1994,
	month = nov,
	publisher = "Addison-Wesley",
	pages = "195-204"
}

@inproceedings{lecolinet-uist-03,
	author = "Eric Lecolinet", 
	title = "A molecular architecture for creating advanced {GUIs}",
	booktitle = uist,
	pages = "135-144",
	year = 2003
}

@article{appert-softwarepractice-2008,
    title = "SwingStates: Adding state machines to {Java} and the {Swing} toolkit",
    author = "Caroline Appert and Michel Beaudouin-Lafon",
    publisher = {Wiley},
    pages = {1149-1182},
    journal = {Software: Practice and Experience},
    volume = {38},
    number = {11},
    doi = {10.1002/spe.867 },
    year = {2008},
}

@inproceedings{dragicevic-icmi-2004,
	author = " Pierre Dragicevic and Jean-Daniel Fekete",
	title = "Support for Input Adaptability in the ICon Toolkit",
	booktitle = "Proceedings of the Sixth International Conference on Multimodal Interfaces (ICMI'04)",
	year = 2004,
	publisher = "ACM Press",
	pages = "212-219"
}

@inproceedings{elliott-icfp-1997,
  title        = {Functional Reactive Animation},
  url          = {http://conal.net/papers/icfp97/},
  author       = "Conal Elliott and Paul Hudak",
  booktitle    = "International Conference on Functional Programming",
  pages = "263-273",
  year         = 1997
}

@inproceedings{chatty-uist-2004,
  author = "{St\'ephane} Chatty and {St\'ephane} Sire and {Jean-Luc} Vinot and Patrick Lecoanet and Christophe Mertz and Alexandre Lemort",
  title = "Revisiting Visual Interface Programming: Creating {GUI} Tools for Designers and Programmers",
  booktitle = uist,
  pages = "267-276",
  year = 2004,
  month = oct,
  publisher = "Addison-Wesley"
}

@inproceedings{chatty-sc-2008,
	author = "{St\'ephane} Chatty",
	title = "Supporting Multidisciplinary Software Composition for Interactive Applications",
	booktitle = "Proceedings of the 7th international symposium on software composition",
	year = 2008,
	editors = "Cesare Pautasso and Eric Tanter",
	series = "Lecture Notes in Computer Science",
	number = 4954,
	pages = "173-189",
	publisher = "Springer Verlag"
}


@InProceedings{Tyson90,
  author = 	 {Tyson, R. H. and  Scott E. H. and Gary L. N.},
  title = 	 {Integrating gesture and snapping into a user interface toolkit},
  booktitle = {Proceedings of the 3rd annual ACM SIGGRAPH symposium on User Interface Software and Technology},
  year = 	 {1990},
  pages = 	 {112-122},
  publisher = {ACM Press}
}

@Inproceedings{Blanch02,
	title = {Programmer l'interaction avec des machines à états hiérarchiques},
	author = {Blanch, Renaud},
	year = {2002},
	pages = {129-136},
	booktitle = {Actes de la 14ème conférence francophone sur l'Interaction Homme-Machine ({IHM} 2002)},
	doi = {http://doi.acm.org/10.1145/777005.777023},
	url = {http://iihm.imag.fr/blanch/publications/ihm2002/},
	uri = {http://iihm.imag.fr/publication/B02a/},
	pdf = {http://iihm.imag.fr/publs/2002/blanch-ihm02-hsm.pdf}
}
@Inproceedings{Blanch06,
	title = {Programming Rich Interactions using the Hierarchical State Machine Toolkit},
	author = {Blanch, Renaud and Beaudouin-Lafon, Michel},
	year = {2006},
	pages = {51-58},
	booktitle = {Proceedings of the working conference on Advanced Visual Interfaces ({AVI} 2006)},
	doi = {http://doi.acm.org/10.1145/1133265.1133275},
	uri = {http://iihm.imag.fr/publication/BB06a/},
	pdf = {http://iihm.imag.fr/publs/2006/blanch-avi2006-hsmtk.pdf},
	type_publi = {icolcomlec},
	x-proceedings = {yes},
	x-editorial-board = {yes},
	x-international-audience = {yes},
	x-invited-conference = {no},
	x-scientific-popularization = {no},
}

@ARTICLE{Jacob99,
    author = {Robert J. K. Jacob and Leonidas Deligiannidis and Stephen Morrison},
    title = {A Software Model and Specification Language for Non-WIMP User Interfaces},
    journal = {ACM Transactions on Computer-Human Interaction},
    year = {1999},
    volume = {6},
    pages = {1--46}
}

@book{Jensen95,
 author = {Jensen, Kurt},
 title = {Coloured Petri nets: basic concepts, analysis methods and practical use, vol. 2},
 year = {1995},
 isbn = {3-540-58276-2},
 publisher = {Springer-Verlag},
 address = {London, UK, UK},
}

@inproceedings{Accot97,
  author = {Accot, Johnny and Chatty, Stéphane and Maury, Sébastien and Palanque, Philippe A.},
  biburl = {http://www.bibsonomy.org/bibtex/2df0b32c6f085070d9d5214e4b4e9ca60/dblp},
  booktitle = {DSV-IS},
  date = {2006-11-02},
  description = {dblp},
  editor = {Harrison, Michael D. and Torres, Juan Carlos},
  isbn = {3-211-83055-3},
  keywords = {dblp},
  pages = {143-159},
  publisher = {Springer},
  timestamp = {2006-11-02T00:00:00.000+0100},
  title = {Formal transducers: Models of devices and building bricks for the design of highly interactive systems.},
  url = {http://dblp.uni-trier.de/db/conf/dsvis/dsvis1997.html#AccotCMP97},
  year = 1997
}

@InProceedings{palanque93,
  author = 	 {Palanque, Philipe and Bastide, Rémi},
  title = 	 {Interactive Cooperative Objects : an Object-Oriented Formalism Based on Petri Nets for User Interface Design},
  booktitle = {Proceedings of the IEEE Conference on System Man and Cybernetics},
  year = 	 {1993},
  month = 	 {October},
  publisher = {Elsevier Science Publisher}
}

@Article{palanque97,
  author = 	 {Palanque, Philipe and Bastide, Rémi},
  title = 	 {Synergistic modelling of tasks, users and systems using formal specification techniques},
  journal = 	 {Interacting with Computers},
  year = 	 {1997},
  key = 	 {},
  volume = 	 {9},
  number = 	 {2},
  pages = 	 {129-153}
}

@inproceedings{Bastide02,
 author = {Bastide, R{\'e}mi and Navarre, David and Palanque, Philippe},
 title = {A model-based tool for interactive prototyping of highly interactive applications},
 booktitle = {CHI '02 Extended Abstracts on Human Factors in Computing Systems},
 series = {CHI EA '02},
 year = {2002},
 isbn = {1-58113-454-1},
 location = {Minneapolis, Minnesota, USA},
 pages = {516--517},
 numpages = {2},
 url = {http://doi.acm.org/10.1145/506443.506457},
 doi = {10.1145/506443.506457},
 acmid = {506457},
 publisher = {ACM},
 address = {New York, NY, USA},
 keywords = {formal description techniques, model-based approaches, safety critical systems},
} 

@InProceedings{Schyn03,
author = {Schyn, Amélie and Navarre, David and Palanque, Philippe and Porcher Nedel, Luciana},
title = "{Description Formelle d'une Technique d'Interaction Multimodale dans une Application de Réalité Virtuelle Immersive }",
booktitle = "{IHM'2003: 15th French Speaking conference on human-computer interaction, Caen, France, 24/11/2003-28/11/2003}",
year = {2003},
month = {novembre},
publisher = {ACM Press},
pages = {150--157},
URL = {http://liihs.irit.fr/schyn/},
keywords = {Spécification formelle, interfaces multimodales, techniques d¿interaction.},
abstract = {Même si la plupart des travaux dans le domaine de l¿Interaction Homme-Machine semblent mettre l¿accent sur l¿utilisation de techniques d¿interaction avancées comme la multimodalité ou la réalité virtuelle, les systèmes critiques montrent, quant à eux, que l¿utilisabilité de telles techniques n¿est qu¿un des grands problèmes auxquels doit faire face le concepteur de tels systèmes, au côté des problèmes de fiabilité et d¿efficacité. Cet article présente, à travers l¿étude d¿un exemple issu du domaine de la réalité virtuelle, l¿extension de travaux précédents dans le domaine des techniques de description formelle pour les systèmes interactifs, en ajoutant au formalisme des ICO des éléments permettant de modéliser des applications multimodales.}
}

@Article{york93,
  author = 	 {Duke, D. J. and Harrison, M. D.},
  title = 	 {Abstract {I}nteraction {O}bjects},
  journal = 	 {Computer Graphics Forum},
  year = 	 {1993},
  volume = 	 {12},
  number = 	 {3},
  pages = 	 {25-36}
}

@InProceedings{Dix85,
  author = 	 {Dix, A. and Runciman, C.},
  title = 	 {Abstract models of interactive systems},
  booktitle = {Proceedings of the HCI'85 Conference on People and Computers: Designing the Interface},
  year = 	 {1985},
  pages = 	 {13-22}
}

@InProceedings{Paterno92,
  author = 	 {Paternò, F. and Faconti, G.},
  title = 	 {On the use of {LOTOS} to describe graphical interaction} ,
  booktitle = {Proceedings of the HCI'92 Conference on People and Computers},
  year = 	 {1992},
  pages = 	 {155-173}
}

@InProceedings{nousdsvis96,
  author = 	 {Ausbourg (d'), B. and Durrieu, G. and Roch\'e, P.},
  title = 	 "{Deriving a formal model of an interactive system from its UIL description in order to verify and to test its behaviour}",
  booktitle = 	 {Proceedings of the Eurographics Workshop DSV-IS'96},
  year = 	 {1996},
  address = 	 {Namur, Belgium},
  month = 	 {June}
}

@InProceedings{halbwachs91,
  author = 	 {Halbwachs, Nicolas and Caspi, Paul  and Raymond, Pascal and Pilaud, Daniel},
  title = 	 "{The synchronous dataflow programming language Lustre}",
  booktitle = 	 {Proceedings of IEEE},
  series = 	 {79},
  number = 	 {9},
  year = 	 {1991},
  month = 	 {September},
  pages = 	 {1305-1320}
}

@InProceedings{dsvis98,
  author = 	 {B. Ausbourg(d')},
  title = 	 {Using {M}odel {C}hecking for the {A}utomatic {V}alidation of {U}ser {I}nterfaces {S}ystems},
  booktitle = 	 {Design, Specification and Verification of Interactive Systems '98},
  year = 	 {1998},
  editor = 	 {P. Markopoulos and P. Johnson},
  month = 	 {June},
  organization = {Eurographics},
  publisher = {Springer}
}

@inproceedings{ausbourg98,
  added-at = {2012-05-14T00:00:00.000+0200},
  author = {d'Ausbourg, Bruno and Seguin, Christel and Durrieu, Guy and Roché, Pierre},
  biburl = {http://www.bibsonomy.org/bibtex/2375fdbfe7256e9ad8cc1206707f2f2d2/dblp},
  booktitle = {ICSE},
  editor = {Torii, Koji and Futatsugi, Kokichi and Kemmerer, Richard A.},
  ee = {http://doi.ieeecomputersociety.org/10.1109/ICSE.1998.671121},
  interhash = {1d8dddbd2610de45ea232c329e2fc69b},
  intrahash = {375fdbfe7256e9ad8cc1206707f2f2d2},
  isbn = {0-8186-8368-6},
  keywords = {dblp},
  pages = {219-228},
  publisher = {IEEE Computer Society},
  timestamp = {2012-05-14T00:00:00.000+0200},
  title = {Helping the Automated Validation Process of User Interfaces Systems.},
  url = {http://dblp.uni-trier.de/db/conf/icse/icse98.html#dAusbourgSDR98},
  year = 1998
}

@inproceedings{yamine00,
 author = {Ameur, Yamine A\"{\i}t},
 title = {Cooperation of Formal Methods in an Engineering Based Software Development Process},
 booktitle = {Proceedings of the Second International Conference on Integrated Formal Methods},
 series = {IFM '00},
 year = {2000},
 isbn = {3-540-41196-8},
 pages = {136--155},
 numpages = {20},
 url = {http://dl.acm.org/citation.cfm?id=647982.743531},
 acmid = {743531},
 publisher = {Springer-Verlag},
 address = {London, UK, UK},
} 

@INPROCEEDINGS{yamine98a,
    author = {Yamine Ait-ameur and Patrick Girard and Francis Jambon},
    title = {A Uniform Approach for Specification and Design of Interactive Systems: the B Method},
    booktitle = {in Eurographics Workshop on Design, Specification, and Verification of Interactive Systems (DSVIS'98), Vol. Proceedings (Eds, Markopoulos},
    year = {1998},
    pages = {333--352}
}

@inproceedings{yamine98b,
  author    = {Yamine A\"{\i}t Ameur and
               Patrick Girard and
               Francis Jambon},
  title     = {Using the B Formal Approach for Incremental Specification
               Design of Interactiv Systems},
  booktitle = {EHCI},
  year      = {1998},
  pages     = {91-109},
  bibsource = {DBLP, http://dblp.uni-trier.de}
}

@book{Abrial96,
 author = {Abrial, J.-R.},
 title = {The B-book: assigning programs to meanings},
 year = {1996},
 isbn = {0-521-49619-5},
 publisher = {Cambridge University Press},
 address = {New York, NY, USA},
} 

@TechReport{BEA12,
  author = 	 {BEA},
  title = 	 {Rapport final sur l'accident survenu le 1er juin 2009
à l’{A}irbus {A}330-203 immatriculé {F-GZCP} exploité par {A}ir {F}rance, vol {AF} 447 {R}io de {J}aneiro - {P}aris},
  institution =  {Direction Générale de l'Aviation Civile},
  year = 	 {2012},
  month = 	 {Juillet},
  note = {\url{http://www.bea.aero/docspa/2009/f-cp090601/pdf/f-cp090601.pdf}},
}

%%----------------------------------------------------------------------------
%% LORIA
%%----------------------------------------------------------------------------


@article{jsc2010,
author    = {Horatiu Cirstea and
               Claude Kirchner and
               Radu Kopetz and
               Pierre-Etienne Moreau},
title = "Anti-patterns for rule-based languages",
journal = "Journal of Symbolic Computation",
volume = "45",
number = "5",
pages = "523 - 550",
year = "2010",
}


@INPROCEEDINGS{ruleml2009,
  TITLE = {{TomML}: A Rule Language For Structured Data},
  AUTHOR = {Horatiu Cirstea and Pierre-Etienne Moreau and Antoine Reilles},
  BOOKTITLE = {International RuleML Symposium on Rule Interchange and Applications},
  series    = {Lecture Notes in Computer Science},
  VOLUME = {5858},
  pages={262-271},
  publisher = {Springer},
  year = {2009},
}


@INPROCEEDINGS{wrs10,
  author = {Tony Bourdier and Horatiu Cirstea and Daniel J. Dougherty and H{\'e}l{\`e}ne Kirchner},
  title = {Extensional and Intensional Strategies},
  year = {2010},
  volume = {15},
  series = {Electronic Proceedings in Theoretical Computer Science},
  pages = {1--19},
  publisher = {Open Publishing Association},
}

@InProceedings{ASF-Industrial-96,
  author = 	 {van den Brand,M. and van Deursen, A. and Klint, P. and Klusener, S.  and van der Meulen, E. A. },
  title = 	 {Industrial Applications of {ASF+SDF}},
  volume =	 1101,
  series =	 "Lecture Notes in Computer Science",
  pages =	 {9-18},
  booktitle =	 {{AMAST '96}},
  editor = {Wirsing, M. and Nivat, M.},
  year =	 {1996},
  publisher =	 {Springer-Verlag}
}

@book{GirardLafontTaylor89,
	Author = {Girard, J.-Y. and Lafont, Y. and Taylor, P.},
	Date-Modified = {2007-03-12 12:24:39 +0100},
	Publisher = "Cambridge University Press",
	Series = {Cambridge Tracts in Theoretical Computer Science},
	Title = {Proofs and Types},
	Volume = {7},
	Year = {1989}
}

@article{JouannaudKirchnerSIAM86,
	Author = {Jouannaud, Jean-Pierre and Kirchner, H{\'e}l{\`e}ne},
	Date-Modified = {2007-04-06 22:19:31 +0200},
	Journal = "{SIAM} Journal of Computing",
	Number = {4},
	Pages = {1155--1194},
	Title = {Completion of a set of rules modulo a set of Equations},
	Volume = 15,
	Year = 1986
}

@incollection{JouannaudKirchner-rob91,
	Address = {Cambridge (MA, USA)},
	Author = {Jouannaud, J.-P. and Kirchner, Claude},
	Booktitle = {Computational {L}ogic. {E}ssays in honor of {A}lan {R}obinson},
	Chapter = {8},
	Date-Modified = {2007-03-12 12:24:40 +0100},
	Editor = {Lassez, Jean-Louis and Plotkin, G.},
	Pages = {257--321},
	Publisher = "The {MIT} press",
	Title = {Solving equations in abstract algebras: a rule-based survey of unification},
	Year = {1991}
}

@inproceedings{pnueli98,
	Author = {Pnueli, Amir and Siegel, Michael and Singerman, Eli},
	Booktitle = {Proceedings of the 4th International Conference on Tools and Algorithms for Construction and Analysis of Systems},
	Pages = {151--166},
	Publisher = {Springer-Verlag},
	Title = {Translation Validation},
	Year = {1998}}



@inproceedings{BallandBKMR-RTA2007,
	Title = {Tom: Piggybacking Rewriting on Java},
	Author = {Balland, Emilie and Brauner, Paul and Kopetz, Radu and Moreau, Pierre-Etienne and Reilles, Antoine},
  Pages ={36--47},
	Booktitle = {Proceedings of the 18th Conference on Rewriting Techniques and Applications},
  Rate = {(27/69, 39\%)},
	Publisher = {Springer-Verlag},
	Series = {Lecture Notes in Computer Science},
  Volume = {4533},
  Year={2007},
}


@article{rhoIGLP-II-2001,
	Author = {Cirstea, Horatiu and Kirchner, Claude},
	Title = {The rewriting calculus --- {Part~II}},
	Journal = "Logic Journal of the Interest Group in Pure and Applied Logics",
	Volume = {9},
	Number = {3},
	Year = {2001},
	Pages = {465--498},
	Month = may,
}
