@inproceedings{Choitat:2011:SWI:1978582.1978592,
 author = {Choitat, A. Tankeu and Fabre, J.-C. and Palanque, P. and Navarre, D. and Deleris, Y.},
 title = {Self-checking widgets for interactive cockpits},
 booktitle = {Proceedings of the 13th European Workshop on Dependable Computing},
 series = {EWDC '11},
 year = {2011},
 isbn = {978-1-4503-0284-5},
 location = {Pisa, Italy},
 pages = {43--48},
 numpages = {6},
 url = {http://doi.acm.org/10.1145/1978582.1978592},
 doi = {http://doi.acm.org/10.1145/1978582.1978592},
 acmid = {1978592},
 publisher = {ACM},
 address = {New York, NY, USA},
 keywords = {Petri nets, fault-tolerance, formal method, interactive application},
} 

@INPROCEEDINGS{6083931,
author={Bolton, M.L. and Bass, E.J.},
booktitle={Systems, Man, and Cybernetics (SMC), 2011 IEEE International Conference on},
title={Evaluating human-automation interaction using task analytic behavior models, strategic knowledge-based erroneous human behavior generation, and model checking},
year={2011},
month={oct.},
volume={},
number={},
pages={1788 -1794},
keywords={complex failure;erroneous human behavior;formal system model;human-automation interaction;modeled strategic knowledge manipulation;patient-controlled analgesia pump;safety property;safety-critical system;strategic knowledge-based erroneous human behavior generation;task analytic behavior model;task model checking;behavioural sciences computing;formal verification;human computer interaction;knowledge based systems;safety-critical software;task analysis;},
doi={10.1109/ICSMC.2011.6083931},
ISSN={1062-922X},}

@PHDTHESIS{Cortier2008,
  author = {Cortier, Alexandre},
  title = {Contribution \`a la validation formelle de syst\`emes interactifs Java},
  school = {Universite Paul Sabatier - Institut Sup\'erieur de l'A\'eronautique et
	de l'Espace (ISAE-Supaero)},
  year = {2008},
  url = {http://alexandre.cortier.free.fr},
  owner = {root},
  timestamp = {2008.11.23}
}


@phdthesis{madani2007,
  author = 	 {Laya Madani},
  title = 	 {Utilisation de la programmation synchrone pour la sp\'ecification et la validation de services interactifs},
  school = 	 {Universit\'e Joseph Fourier - Grenoble 1},
  year = 	 {2007},
  timestamp = {2008.10.29}
}

@article{Paterno:2002:PUE:637329.637332,
 author = {Patern\`{o}, Fabio and Santoro, Carmen},
 title = {Preventing user errors by systematic analysis of deviations from the system task model},
 journal = {Int. J. Hum.-Comput. Stud.},
 volume = {56},
 issue = {2},
 month = {February},
 year = {2002},
 issn = {1071-5819},
 pages = {225--245},
 numpages = {21},
 url = {http://dl.acm.org/citation.cfm?id=637329.637332},
 doi = {10.1006/ijhc.2001.0523},
 acmid = {637332},
 publisher = {Academic Press, Inc.},
 address = {Duluth, MN, USA},
 keywords = {inspection-based evaluation, model-based evaluation, safety and usability, task models},
} 



@article{Navarre:2009:IMU:1614390.1614393,
 author = {Navarre, David and Palanque, Philippe and Ladry, Jean-Francois and Barboni, Eric},
 title = {ICOs: A model-based user interface description technique dedicated to interactive systems addressing usability, reliability and scalability},
 journal = {ACM Trans. Comput.-Hum. Interact.},
 issue_date = {November 2009},
 volume = {16},
 issue = {4},
 month = {November},
 year = {2009},
 issn = {1073-0516},
 pages = {18:1--18:56},
 articleno = {18},
 numpages = {56},
 url = {http://doi.acm.org/10.1145/1614390.1614393},
 doi = {http://doi.acm.org/10.1145/1614390.1614393},
 acmid = {1614393},
 publisher = {ACM},
 address = {New York, NY, USA},
 keywords = {User interface description language, formal description techniques, interactive prototyping, interactive software engineering, model-based approaches, safety-critical interactive systems},
} 

@article{Foley:1974:ANG:988026.988037,
 author = {Foley, J. D. and Wallace, V. L.},
 title = {The art of natural graphic man-machine conversation},
 journal = {SIGGRAPH Comput. Graph.},
 issue_date = {Fall 1974},
 volume = {8},
 number = {3},
 month = sep,
 year = {1974},
 issn = {0097-8930},
 pages = {87--87},
 numpages = {1},
 url = {http://doi.acm.org/10.1145/988026.988037},
 doi = {10.1145/988026.988037},
 acmid = {988037},
 publisher = {ACM},
 address = {New York, NY, USA},
} 

@inproceedings{Parnas:1969:UTD:800195.805945,
 author = {Parnas, David L.},
 title = {On the use of transition diagrams in the design of a user interface for an interactive computer system},
 booktitle = {Proceedings of the 1969 24th national conference},
 series = {ACM '69},
 year = {1969},
 pages = {379--385},
 numpages = {7},
 url = {http://doi.acm.org/10.1145/800195.805945},
 doi = {10.1145/800195.805945},
 acmid = {805945},
 publisher = {ACM},
 address = {New York, NY, USA},
} 

@article{Heymann2007,
abstract = {We present a formal approach and methodology for the analysis and generation of user interfaces, with special emphasis on human-automation interaction.},
author = {Heymann, Michael and Degani, Asaf},
file = {:Users/jfc/Work/Mendeley Library/Heymann, Degani - 2007 - Formal analysis and automatic generation of user interfaces approach, methodology, and an algorithm.pdf:pdf},
issn = {0018-7208},
journal = {Human Factors},
keywords = {Algorithms,Computer User Training,Computer User Training: methods,Computer User Training: standards,DohertyCH00,Humans,Man-Machine Systems,Manuals as Topic,Manuals as Topic: standards,Models,Theoretical,User-Computer Interface},
mendeley-tags = {DohertyCH00},
month = apr,
number = {2},
pages = {311--30},
pmid = {17447671},
title = {{Formal analysis and automatic generation of user interfaces: approach, methodology, and an algorithm.}},
url = {http://www.ncbi.nlm.nih.gov/pubmed/17447671},
volume = {49},
year = {2007}
}

@manual{ARINC661,
organization= {ARINC},
title = {Specification 661},
edition = {Supplement 5, Draft 1},
url = {http://www.aviation-ia.com/aeec/projects/cds/index.html},
year = {2012},
month = {March},
day={7}
}

@inproceedings{Bass91,
 author = {Bass, L. and Little, R. and Pellegrino, R. and Reed, S. and Seacord, R. and Shepard, S. and Szezur, M.R.},
 title = {The Arch model: Seeheim revisited},
 booktitle = {Proceedings of the 1991 User Interface Developers’ Workshop},
 year = {1991},
 publisher = {ACM},
 address = {Seeheim},
} 

@InProceedings{Duke-Harrison93a,
  author = 	 {Duke, D. and Harrison, M},
  title = 	 {Abstract {I}nteraction {O}bjects},
  booktitle = {Proceedings of Eurographics conference
and computer graphics forum},
  pages = 	 {25–36},
  year = 	 {1993},
  volume = 	 {12}
}

@TechReport{Duke-Harrison93b,
  author = 	 {Duke, D. and Harrison, M},
  title = 	 {Towards a {T}heory of {I}nteractors},
  institution =  {Amodeus {E}sprit {B}asic {R}esearch {P}roject},
  year = 	 {1993},
  number = 	 {7040},
  note = 	 {System {M}odelling/WP6}
}

@InProceedings{Bumbulis96,
  author = 	 {Bumbulis, P. and Alencar, P. and Cowan, D. and Lucena, C.},
  title = 	 {Validating {P}roperties of {C}omponent-{B}ased {G}raphical {U}ser {I}nterfaces.},
  booktitle = {Eurographics Workshop on Design, Specification, and Verification of Interactive
Systems (DSV-IS’96)},
  pages = 	 {347-365},
  year = 	 {1996},
  editor = 	 {Springer Verlag},
}

@InProceedings{yamine98,
  author = 	 {Aït-Ameur, Y. and Girard, P. and Jambon, F.},
  title = 	 {Using the {B} formal approach for incremental specification
design of interactive systems},
  booktitle = {Engineering for Human-Computer Interaction},
  pages = 	 {91-108},
  editor = 	 {S. Chatty and P.Dewan},
  year = 	 {1998},
  volume = 	 {22},
  publisher = {Kluwer Academic Publishers},
}

@InProceedings{yamine04,
  author = 	 {Aït-Ameur, Y. and Bréholée, B and Girard, P. and Guittet, L. and Jambon, F.},
  title = 	 {Formal verification and validation of interactive systems specifications. From informal specitications to formal validation},
  booktitle = {Conference of Human Error, Safety and Systems Development, HESSD}
,
  year = 	 {2004},
  address = 	 {Toulouse}
}

@Article{Navarre03,
author = {Bastide, Rémi and Navarre, David and Palanque, Philippe},
title = "{A tool-supported design framework for safety critical interactive systems}",
journal = {Interacting with Computers},
publisher = {Elsevier},
year = {2003},
month = {juin},
volume = {15},
number = {3},
pages = {309--328},
URL = {http://dx.doi.org/10.1016/S0953-5438(03)00011-0}
}

@inproceedings{Campos97,
  author = {Campos, José Creissac and Harrison, Michael D.},
 booktitle = {Eurographics Workshop on Design, Specification, and Verification of Interactive
Systems (DSV-IS’97)},
  date = {2006-11-02},
  editor = {Harrison, Michael D. and Torres, Juan Carlos},
  pages = {109-124},
  publisher = {Springer},
  title = {Formally verifying interactive systems: A review.},
  year = 1997
}

@inproceedings{Palanque95,
 author = {Palanque, Philippe A. and Bastide, R{\'e}mi and Seng\`{e}s, V.},
 title = {Validating interactive system design through the verification of formal task and system models},
 booktitle = {Proceedings of the IFIP TC2/WG2.7 Working Conference on Engineering for Human-Computer Interaction},
 year = {1996},
 pages = {189--212},
 publisher = {Chapman \& Hall, Ltd.},
 address = {London, UK, UK},
} 

@article{Rushby01,
  author    = {John M. Rushby},
  title     = {Analyzing Cockpit Interfaces Using Formal Methods},
  journal   = {Electr. Notes Theor. Comput. Sci.},
  volume    = {43},
  year      = {2001},
  pages     = {1-14}
}
@InProceedings{ausbourg98,
  author = 	 {d'Ausbourg, B. and Seguin, C. and Roch{\'e}, P.},
  title = 	 {Assisting the automated validation process of user itnerfaces},
  booktitle = {The 20th International Conference on Software Engineering },
  year = 	 {1998},
  address = 	 {Kyoto, Japan}
}

