%% This BibTeX bibliography file was created using BibDesk.
%% http://bibdesk.sourceforge.net/


%% Created for Vincent Lecrubier at 2014-04-14 14:30:45 +0200 


%% Saved with string encoding Unicode (UTF-8) 


@string{acmtois = {ACM Transactions on Office Information Systems}}

@string{uist = {Proceedings of the ACM UIST}}


@inproceedings{Branton:2013:TRI:2494603.2480312,
	Acmid = {2480312},
	Address = {New York, NY, USA},
	Author = {Branton, Chris and Ullmer, Brygg and Wiggins, Andre and Rogge, Landon and Setty, Narendra and Beck, Stephen David and Reeser, Alex},
	Booktitle = {Proceedings of the 5th ACM SIGCHI Symposium on Engineering Interactive Computing Systems},
	Date-Added = {2014-04-14 11:46:24 +0000},
	Date-Modified = {2014-04-14 11:46:24 +0000},
	Doi = {10.1145/2480296.2480312},
	Isbn = {978-1-4503-2138-9},
	Keywords = {distributed user interfaces, multi-device user interfaces, multi-platform user interfaces, software architecture, tangible interfaces},
	Location = {London, United Kingdom},
	Numpages = {10},
	Pages = {239--248},
	Publisher = {ACM},
	Series = {EICS '13},
	Title = {Toward Rapid and Iterative Development of Tangible, Collaborative, Distributed User Interfaces},
	Url = {http://doi.acm.org/10.1145/2480296.2480312},
	Year = {2013},
	Bdsk-Url-1 = {http://doi.acm.org/10.1145/2480296.2480312},
	Bdsk-Url-2 = {http://dx.doi.org/10.1145/2480296.2480312},
	Bdsk-File-1 = {YnBsaXN0MDDUAQIDBAUGJCVYJHZlcnNpb25YJG9iamVjdHNZJGFyY2hpdmVyVCR0b3ASAAGGoKgHCBMUFRYaIVUkbnVsbNMJCgsMDxJXTlMua2V5c1pOUy5vYmplY3RzViRjbGFzc6INDoACgAOiEBGABIAFgAdccmVsYXRpdmVQYXRoWWFsaWFzRGF0YV8QHlBhcGllcnMvRUlDUzUvcDIzOS1icmFudG9uLnBkZtIXCxgZV05TLmRhdGFPEQHEAAAAAAHEAAIAAAlNYWNCb29rSEQAAAAAAAAAAAAAAAAAAAAAAADNI36DSCsAAAEuX8gQcDIzOS1icmFudG9uLnBkZgAAAAAAAAAAAAAAAAAAAAAAAAAAAAAAAAAAAAAAAAAAAAAAAAAAAAAAAAAAAAAAAS5f7c9ocpwAAAAAAAAAAAABAAQAAAkAAAAAAAAAAAAAAAAAAAAABUVJQ1M1AAAQAAgAAM0jcHMAAAARAAgAAM9oVnwAAAABABgBLl/IAS5e2wAOBhsABQT3AAUE9gACECcAAgBMTWFjQm9va0hEOlVzZXJzOgBWaW5jZW50OgBEb2N1bWVudHM6AFRoZXNlOgBQYXBpZXJzOgBFSUNTNToAcDIzOS1icmFudG9uLnBkZgAOACIAEABwADIAMwA5AC0AYgByAGEAbgB0AG8AbgAuAHAAZABmAA8AFAAJAE0AYQBjAEIAbwBvAGsASABEABIAPS9Vc2Vycy9WaW5jZW50L0RvY3VtZW50cy9UaGVzZS9QYXBpZXJzL0VJQ1M1L3AyMzktYnJhbnRvbi5wZGYAABMAEi9Wb2x1bWVzL01hY0Jvb2tIRAAVAAIAIP//AACABtIbHB0eWiRjbGFzc25hbWVYJGNsYXNzZXNdTlNNdXRhYmxlRGF0YaMdHyBWTlNEYXRhWE5TT2JqZWN00hscIiNcTlNEaWN0aW9uYXJ5oiIgXxAPTlNLZXllZEFyY2hpdmVy0SYnVHJvb3SAAQAIABEAGgAjAC0AMgA3AEAARgBNAFUAYABnAGoAbABuAHEAcwB1AHcAhACOAK8AtAC8AoQChgKLApYCnwKtArECuALBAsYC0wLWAugC6wLwAAAAAAAAAgEAAAAAAAAAKAAAAAAAAAAAAAAAAAAAAvI=}}

@inproceedings{bestpracticecriticalsystems,
	Date-Added = {2014-04-14 11:07:32 +0000},
	Date-Modified = {2014-04-14 11:09:29 +0000},
	Institution = {Prologism},
	Keywords = {critical systems, good practices, best practices, thales, normalization},
	Title = {Best Practices for the Design and Development of Critical Information Systems},
	Url = {http://www.prologism.fr/uploads/pdf/CWA_CriticalInformationSystems_Prologism.pdf},
	Year = {2008},
	Bdsk-File-1 = {YnBsaXN0MDDUAQIDBAUGJCVYJHZlcnNpb25YJG9iamVjdHNZJGFyY2hpdmVyVCR0b3ASAAGGoKgHCBMUFRYaIVUkbnVsbNMJCgsMDxJXTlMua2V5c1pOUy5vYmplY3RzViRjbGFzc6INDoACgAOiEBGABIAFgAdccmVsYXRpdmVQYXRoWWFsaWFzRGF0YV8QNFBhcGllcnMvQ1dBX0NyaXRpY2FsSW5mb3JtYXRpb25TeXN0ZW1zX1Byb2xvZ2lzbS5wZGbSFwsYGVdOUy5kYXRhTxECGAAAAAACGAACAAAJTWFjQm9va0hEAAAAAAAAAAAAAAAAAAAAAAAAzSN+g0grAAABLl7bH0NXQV9Dcml0aWNhbEluZm9ybWEjMTJFREQyRi5wZGYAAAAAAAAAAAAAAAAAAAAAAAAAAAAAAAAAAAAAAAAAAAEu3S/PcY4NAAAAAAAAAAAAAQADAAAJAAAAAAAAAAAAAAAAAAAAAAdQYXBpZXJzAAAQAAgAAM0jcHMAAAARAAgAAM9xce0AAAABABQBLl7bAA4GGwAFBPcABQT2AAIQJwACAFRNYWNCb29rSEQ6VXNlcnM6AFZpbmNlbnQ6AERvY3VtZW50czoAVGhlc2U6AFBhcGllcnM6AENXQV9Dcml0aWNhbEluZm9ybWEjMTJFREQyRi5wZGYADgBaACwAQwBXAEEAXwBDAHIAaQB0AGkAYwBhAGwASQBuAGYAbwByAG0AYQB0AGkAbwBuAFMAeQBzAHQAZQBtAHMAXwBQAHIAbwBsAG8AZwBpAHMAbQAuAHAAZABmAA8AFAAJAE0AYQBjAEIAbwBvAGsASABEABIAUy9Vc2Vycy9WaW5jZW50L0RvY3VtZW50cy9UaGVzZS9QYXBpZXJzL0NXQV9Dcml0aWNhbEluZm9ybWF0aW9uU3lzdGVtc19Qcm9sb2dpc20ucGRmAAATABIvVm9sdW1lcy9NYWNCb29rSEQAFQACACD//wAAgAbSGxwdHlokY2xhc3NuYW1lWCRjbGFzc2VzXU5TTXV0YWJsZURhdGGjHR8gVk5TRGF0YVhOU09iamVjdNIbHCIjXE5TRGljdGlvbmFyeaIiIF8QD05TS2V5ZWRBcmNoaXZlctEmJ1Ryb290gAEACAARABoAIwAtADIANwBAAEYATQBVAGAAZwBqAGwAbgBxAHMAdQB3AIQAjgDFAMoA0gLuAvAC9QMAAwkDFwMbAyIDKwMwAz0DQANSA1UDWgAAAAAAAAIBAAAAAAAAACgAAAAAAAAAAAAAAAAAAANc}}

@techreport{abstractuiw3,
	Author = {Jean Vanderdonckt and Ricardo Tresoriero and Nesrine Mezhoudi and Vivian Motti and Fran{\c c}ois Beuvens and J{\'e}r{\'e}mie Melchior and Sebastien Feuerstack and Carmen Santoro and Paolo Bottoni and Ga{\"e}lle Calvary and Davide Spano and Jo{\"e}lle Coutaz},
	Date-Added = {2014-04-14 10:45:15 +0000},
	Date-Modified = {2014-04-14 10:55:50 +0000},
	Institution = {W3C working group on MBUI},
	Keywords = {abstract ui, abstract, mbui},
	Month = {4},
	Rating = {5},
	Title = {MBUI - Abstract User Interfaces Models},
	Url = {http://www.w3.org/TR/2014/NOTE-abstract-ui-20140408/},
	Year = {2014},
	Bdsk-Url-1 = {http://www.w3.org/TR/2014/NOTE-abstract-ui-20140408/}}

@article{Holzmann:1997:MCS:260897.260902,
	Acmid = {260902},
	Address = {Piscataway, NJ, USA},
	Author = {Holzmann, Gerard J.},
	Date-Added = {2014-04-13 19:53:04 +0000},
	Date-Modified = {2014-04-13 19:54:05 +0000},
	Doi = {10.1109/32.588521},
	Issn = {0098-5589},
	Issue_Date = {May 1997},
	Journal = {IEEE Trans. Softw. Eng.},
	Keywords = {Formal methods, program verification, design verification, model checking, distributed systems, concurrency, spin},
	Month = may,
	Number = {5},
	Numpages = {17},
	Pages = {279--295},
	Publisher = {IEEE Press},
	Rating = {4},
	Title = {The Model Checker SPIN},
	Url = {http://dx.doi.org/10.1109/32.588521},
	Volume = {23},
	Year = {1997},
	Bdsk-File-1 = {YnBsaXN0MDDUAQIDBAUGJCVYJHZlcnNpb25YJG9iamVjdHNZJGFyY2hpdmVyVCR0b3ASAAGGoKgHCBMUFRYaIVUkbnVsbNMJCgsMDxJXTlMua2V5c1pOUy5vYmplY3RzViRjbGFzc6INDoACgAOiEBGABIAFgAdccmVsYXRpdmVQYXRoWWFsaWFzRGF0YV8QElBhcGllcnMvaWVlZTk3LnBkZtIXCxgZV05TLmRhdGFPEQGeAAAAAAGeAAIAAAlNYWNCb29rSEQAAAAAAAAAAAAAAAAAAAAAAADNI36DSCsAAAEuXtsKaWVlZTk3LnBkZgAAAAAAAAAAAAAAAAAAAAAAAAAAAAAAAAAAAAAAAAAAAAAAAAAAAAAAAAAAAAAAAAAAAAAAAS7I8c9wt9cAAAAAAAAAAAABAAMAAAkAAAAAAAAAAAAAAAAAAAAAB1BhcGllcnMAABAACAAAzSNwcwAAABEACAAAz3CbtwAAAAEAFAEuXtsADgYbAAUE9wAFBPYAAhAnAAIAP01hY0Jvb2tIRDpVc2VyczoAVmluY2VudDoARG9jdW1lbnRzOgBUaGVzZToAUGFwaWVyczoAaWVlZTk3LnBkZgAADgAWAAoAaQBlAGUAZQA5ADcALgBwAGQAZgAPABQACQBNAGEAYwBCAG8AbwBrAEgARAASADEvVXNlcnMvVmluY2VudC9Eb2N1bWVudHMvVGhlc2UvUGFwaWVycy9pZWVlOTcucGRmAAATABIvVm9sdW1lcy9NYWNCb29rSEQAFQACACD//wAAgAbSGxwdHlokY2xhc3NuYW1lWCRjbGFzc2VzXU5TTXV0YWJsZURhdGGjHR8gVk5TRGF0YVhOU09iamVjdNIbHCIjXE5TRGljdGlvbmFyeaIiIF8QD05TS2V5ZWRBcmNoaXZlctEmJ1Ryb290gAEACAARABoAIwAtADIANwBAAEYATQBVAGAAZwBqAGwAbgBxAHMAdQB3AIQAjgCjAKgAsAJSAlQCWQJkAm0CewJ/AoYCjwKUAqECpAK2ArkCvgAAAAAAAAIBAAAAAAAAACgAAAAAAAAAAAAAAAAAAALA},
	Bdsk-Url-1 = {http://dx.doi.org/10.1109/32.588521},
	Bdsk-Url-2 = {http://spinroot.com/spin/Doc/ieee97.pdf}}

@article{1992:MRA:142394.142401,
	Acmid = {142401},
	Address = {New York, NY, USA},
	Date-Added = {2014-04-11 12:45:28 +0000},
	Date-Modified = {2014-04-11 12:47:42 +0000},
	Doi = {10.1145/142394.142401},
	Issn = {0736-6906},
	Issue_Date = {Jan. 1992},
	Journal = {SIGCHI Bull.},
	Key = {{$\!\!$}},
	Keywords = {arch model},
	Month = jan,
	Number = {1},
	Numpages = {6},
	Pages = {32--37},
	Publisher = {ACM},
	Title = {A Metamodel for the Runtime Architecture of an Interactive System: The UIMS Tool Developers Workshop},
	Url = {http://doi.acm.org/10.1145/142394.142401},
	Volume = {24},
	Year = {1992},
	Bdsk-File-1 = {YnBsaXN0MDDUAQIDBAUGJCVYJHZlcnNpb25YJG9iamVjdHNZJGFyY2hpdmVyVCR0b3ASAAGGoKgHCBMUFRYaIVUkbnVsbNMJCgsMDxJXTlMua2V5c1pOUy5vYmplY3RzViRjbGFzc6INDoACgAOiEBGABIAFgAdccmVsYXRpdmVQYXRoWWFsaWFzRGF0YV8QFlBhcGllcnMvcDMyLWhlZmxleS5wZGbSFwsYGVdOUy5kYXRhTxEBrgAAAAABrgACAAAJTWFjQm9va0hEAAAAAAAAAAAAAAAAAAAAAAAAzSN+g0grAAABLl7bDnAzMi1oZWZsZXkucGRmAAAAAAAAAAAAAAAAAAAAAAAAAAAAAAAAAAAAAAAAAAAAAAAAAAAAAAAAAAAAAAAAAAEuiIvPbbmUAAAAAAAAAAAAAQADAAAJAAAAAAAAAAAAAAAAAAAAAAdQYXBpZXJzAAAQAAgAAM0jcHMAAAARAAgAAM9tnXQAAAABABQBLl7bAA4GGwAFBPcABQT2AAIQJwACAENNYWNCb29rSEQ6VXNlcnM6AFZpbmNlbnQ6AERvY3VtZW50czoAVGhlc2U6AFBhcGllcnM6AHAzMi1oZWZsZXkucGRmAAAOAB4ADgBwADMAMgAtAGgAZQBmAGwAZQB5AC4AcABkAGYADwAUAAkATQBhAGMAQgBvAG8AawBIAEQAEgA1L1VzZXJzL1ZpbmNlbnQvRG9jdW1lbnRzL1RoZXNlL1BhcGllcnMvcDMyLWhlZmxleS5wZGYAABMAEi9Wb2x1bWVzL01hY0Jvb2tIRAAVAAIAIP//AACABtIbHB0eWiRjbGFzc25hbWVYJGNsYXNzZXNdTlNNdXRhYmxlRGF0YaMdHyBWTlNEYXRhWE5TT2JqZWN00hscIiNcTlNEaWN0aW9uYXJ5oiIgXxAPTlNLZXllZEFyY2hpdmVy0SYnVHJvb3SAAQAIABEAGgAjAC0AMgA3AEAARgBNAFUAYABnAGoAbABuAHEAcwB1AHcAhACOAKcArAC0AmYCaAJtAngCgQKPApMCmgKjAqgCtQK4AsoCzQLSAAAAAAAAAgEAAAAAAAAAKAAAAAAAAAAAAAAAAAAAAtQ=},
	Bdsk-Url-1 = {http://doi.acm.org/10.1145/142394.142401},
	Bdsk-Url-2 = {http://dx.doi.org/10.1145/142394.142401}}

@inproceedings{combefis2012,
	Author = {S. Comb{\'e}fis and Charles Pecheur},
	Booktitle = {Formal H},
	Date-Added = {2014-04-11 12:32:23 +0000},
	Date-Modified = {2014-04-11 12:35:10 +0000},
	Pages = {9-11},
	Rating = {4},
	Read = {1},
	Title = {Automatic Generation of Full-Control System Abstraction for Human-Machine Interaction},
	Year = {2012},
	Bdsk-File-1 = {YnBsaXN0MDDUAQIDBAUGJCVYJHZlcnNpb25YJG9iamVjdHNZJGFyY2hpdmVyVCR0b3ASAAGGoKgHCBMUFRYaIVUkbnVsbNMJCgsMDxJXTlMua2V5c1pOUy5vYmplY3RzViRjbGFzc6INDoACgAOiEBGABIAFgAdccmVsYXRpdmVQYXRoWWFsaWFzRGF0YV8QJFBhcGllcnMvRm9ybWFsSC4yMDEyLlByb2NlZWRpbmdzLnBkZtIXCxgZV05TLmRhdGFPEQHmAAAAAAHmAAIAAAlNYWNCb29rSEQAAAAAAAAAAAAAAAAAAAAAAADNI36DSCsAAAEuXtscRm9ybWFsSC4yMDEyLlByb2NlZWRpbmdzLnBkZgAAAAAAAAAAAAAAAAAAAAAAAAAAAAAAAAAAAAAAAAAAAAAAAS6E189trWEAAAAAAAAAAAABAAMAAAkAAAAAAAAAAAAAAAAAAAAAB1BhcGllcnMAABAACAAAzSNwcwAAABEACAAAz22RQQAAAAEAFAEuXtsADgYbAAUE9wAFBPYAAhAnAAIAUU1hY0Jvb2tIRDpVc2VyczoAVmluY2VudDoARG9jdW1lbnRzOgBUaGVzZToAUGFwaWVyczoARm9ybWFsSC4yMDEyLlByb2NlZWRpbmdzLnBkZgAADgA6ABwARgBvAHIAbQBhAGwASAAuADIAMAAxADIALgBQAHIAbwBjAGUAZQBkAGkAbgBnAHMALgBwAGQAZgAPABQACQBNAGEAYwBCAG8AbwBrAEgARAASAEMvVXNlcnMvVmluY2VudC9Eb2N1bWVudHMvVGhlc2UvUGFwaWVycy9Gb3JtYWxILjIwMTIuUHJvY2VlZGluZ3MucGRmAAATABIvVm9sdW1lcy9NYWNCb29rSEQAFQACACD//wAAgAbSGxwdHlokY2xhc3NuYW1lWCRjbGFzc2VzXU5TTXV0YWJsZURhdGGjHR8gVk5TRGF0YVhOU09iamVjdNIbHCIjXE5TRGljdGlvbmFyeaIiIF8QD05TS2V5ZWRBcmNoaXZlctEmJ1Ryb290gAEACAARABoAIwAtADIANwBAAEYATQBVAGAAZwBqAGwAbgBxAHMAdQB3AIQAjgC1ALoAwgKsAq4CswK+AscC1QLZAuAC6QLuAvsC/gMQAxMDGAAAAAAAAAIBAAAAAAAAACgAAAAAAAAAAAAAAAAAAAMa},
	Bdsk-Url-1 = {http://www.fmhfe.com/FormalH/}}

@inproceedings{chatty2007,
	Author = {S. Chatty},
	Booktitle = {Proceedings of the IFIP conference on Engineering Interactive Systems (EIS 2007)},
	Date-Added = {2014-04-10 13:44:09 +0000},
	Date-Modified = {2014-04-10 13:45:43 +0000},
	Editor = {Springer Verlag},
	Title = {Programs = data + algorithms + architecture, and consequences for interactive software},
	Url = {http://lii-enac.fr/articles/chatty-eis-2007.pdf},
	Volume = {Lecture Notes in Computer Science volume 4940},
	Year = {2007},
	Bdsk-File-1 = {YnBsaXN0MDDUAQIDBAUGJCVYJHZlcnNpb25YJG9iamVjdHNZJGFyY2hpdmVyVCR0b3ASAAGGoKgHCBMUFRYaIVUkbnVsbNMJCgsMDxJXTlMua2V5c1pOUy5vYmplY3RzViRjbGFzc6INDoACgAOiEBGABIAFgAdccmVsYXRpdmVQYXRoWWFsaWFzRGF0YV8QG1BhcGllcnMvY2hhdHR5LWVpcy0yMDA3LnBkZtIXCxgZV05TLmRhdGFPEQHAAAAAAAHAAAIAAAlNYWNCb29rSEQAAAAAAAAAAAAAAAAAAAAAAADNI36DSCsAAAEuXtsTY2hhdHR5LWVpcy0yMDA3LnBkZgAAAAAAAAAAAAAAAAAAAAAAAAAAAAAAAAAAAAAAAAAAAAAAAAAAAAAAAAAAAS5uHM9sbK0AAAAAAAAAAAABAAMAAAkAAAAAAAAAAAAAAAAAAAAAB1BhcGllcnMAABAACAAAzSNwcwAAABEACAAAz2xQjQAAAAEAFAEuXtsADgYbAAUE9wAFBPYAAhAnAAIASE1hY0Jvb2tIRDpVc2VyczoAVmluY2VudDoARG9jdW1lbnRzOgBUaGVzZToAUGFwaWVyczoAY2hhdHR5LWVpcy0yMDA3LnBkZgAOACgAEwBjAGgAYQB0AHQAeQAtAGUAaQBzAC0AMgAwADAANwAuAHAAZABmAA8AFAAJAE0AYQBjAEIAbwBvAGsASABEABIAOi9Vc2Vycy9WaW5jZW50L0RvY3VtZW50cy9UaGVzZS9QYXBpZXJzL2NoYXR0eS1laXMtMjAwNy5wZGYAEwASL1ZvbHVtZXMvTWFjQm9va0hEABUAAgAg//8AAIAG0hscHR5aJGNsYXNzbmFtZVgkY2xhc3Nlc11OU011dGFibGVEYXRhox0fIFZOU0RhdGFYTlNPYmplY3TSGxwiI1xOU0RpY3Rpb25hcnmiIiBfEA9OU0tleWVkQXJjaGl2ZXLRJidUcm9vdIABAAgAEQAaACMALQAyADcAQABGAE0AVQBgAGcAagBsAG4AcQBzAHUAdwCEAI4ArACxALkCfQJ/AoQCjwKYAqYCqgKxAroCvwLMAs8C4QLkAukAAAAAAAACAQAAAAAAAAAoAAAAAAAAAAAAAAAAAAAC6w==}}

@article{york93,
	Abstract = {The concept of an `interactor' has been introduced by Faconti and Paterno' [6] as an abstraction of an entity in interactive graphics capable of both input and output. However the notion of interaction object need not be confined to graphics systems; it represents a useful structure for thinking and reasoning about the behaviour of interactive systems in general. As part of Esprit Basic Research Action 7040 (Amodeus-2) we are using the concept of interactor, and existing work on state-based processes and agents, to develop a model and theory of interactive systems. In this paper we describe two formal models for interaction objects and sketch how they can be used to build a small vocabulary of operators to support the rigorous specification of a graphics system. Our model differs from the approach of Faconti and Paterno' in that it abstracts away from any specific graphics framework and is thus suited to the level of abstraction demanded by formal approaches to system development.},
	Author = {Duke, D.J. and Harrison, M.D.},
	Date-Added = {2014-04-10 13:17:41 +0000},
	Date-Modified = {2014-04-10 13:18:48 +0000},
	Doi = {10.1111/1467-8659.1230025},
	Issn = {1467-8659},
	Journal = {Computer Graphics Forum},
	Keywords = {Formal Specification and Verification, Human Factors},
	Number = {3},
	Pages = {25--36},
	Publisher = {Blackwell Science Ltd},
	Title = {Abstract Interaction Objects},
	Url = {http://dx.doi.org/10.1111/1467-8659.1230025},
	Volume = {12},
	Year = {1993},
	Bdsk-Url-1 = {http://dx.doi.org/10.1111/1467-8659.1230025}}

@article{Paterno:2009:MUD:1614390.1614394,
	Acmid = {1614394},
	Address = {New York, NY, USA},
	Articleno = {19},
	Author = {Paterno, Fabio and Santoro, Carmen and Spano, Lucio Davide},
	Date-Added = {2014-04-10 13:13:36 +0000},
	Date-Modified = {2014-04-10 13:13:36 +0000},
	Doi = {10.1145/1614390.1614394},
	Issn = {1073-0516},
	Issue_Date = {November 2009},
	Journal = {ACM Trans. Comput.-Hum. Interact.},
	Keywords = {Model-based design, Web services, multidevice user interfaces, ubiquitous applications, user interface description language},
	Month = nov,
	Number = {4},
	Numpages = {30},
	Pages = {19:1--19:30},
	Publisher = {ACM},
	Title = {MARIA: A Universal, Declarative, Multiple Abstraction-level Language for Service-oriented Applications in Ubiquitous Environments},
	Url = {http://doi.acm.org/10.1145/1614390.1614394},
	Volume = {16},
	Year = {2009},
	Bdsk-File-1 = {YnBsaXN0MDDUAQIDBAUGJCVYJHZlcnNpb25YJG9iamVjdHNZJGFyY2hpdmVyVCR0b3ASAAGGoKgHCBMUFRYaIVUkbnVsbNMJCgsMDxJXTlMua2V5c1pOUy5vYmplY3RzViRjbGFzc6INDoACgAOiEBGABIAFgAdccmVsYXRpdmVQYXRoWWFsaWFzRGF0YV8QHVBhcGllcnMvTWFyaWEtMjAwOS1BMC0wNTUucGRm0hcLGBlXTlMuZGF0YU8RAcgAAAAAAcgAAgAACU1hY0Jvb2tIRAAAAAAAAAAAAAAAAAAAAAAAAM0jfoNIKwAAAS5e2xVNYXJpYS0yMDA5LUEwLTA1NS5wZGYAAAAAAAAAAAAAAAAAAAAAAAAAAAAAAAAAAAAAAAAAAAAAAAAAAAAAAAABLmJSz2ws4wAAAAAAAAAAAAEAAwAACQAAAAAAAAAAAAAAAAAAAAAHUGFwaWVycwAAEAAIAADNI3BzAAAAEQAIAADPbBDDAAAAAQAUAS5e2wAOBhsABQT3AAUE9gACECcAAgBKTWFjQm9va0hEOlVzZXJzOgBWaW5jZW50OgBEb2N1bWVudHM6AFRoZXNlOgBQYXBpZXJzOgBNYXJpYS0yMDA5LUEwLTA1NS5wZGYADgAsABUATQBhAHIAaQBhAC0AMgAwADAAOQAtAEEAMAAtADAANQA1AC4AcABkAGYADwAUAAkATQBhAGMAQgBvAG8AawBIAEQAEgA8L1VzZXJzL1ZpbmNlbnQvRG9jdW1lbnRzL1RoZXNlL1BhcGllcnMvTWFyaWEtMjAwOS1BMC0wNTUucGRmABMAEi9Wb2x1bWVzL01hY0Jvb2tIRAAVAAIAIP//AACABtIbHB0eWiRjbGFzc25hbWVYJGNsYXNzZXNdTlNNdXRhYmxlRGF0YaMdHyBWTlNEYXRhWE5TT2JqZWN00hscIiNcTlNEaWN0aW9uYXJ5oiIgXxAPTlNLZXllZEFyY2hpdmVy0SYnVHJvb3SAAQAIABEAGgAjAC0AMgA3AEAARgBNAFUAYABnAGoAbABuAHEAcwB1AHcAhACOAK4AswC7AocCiQKOApkCogKwArQCuwLEAskC1gLZAusC7gLzAAAAAAAAAgEAAAAAAAAAKAAAAAAAAAAAAAAAAAAAAvU=},
	Bdsk-Url-1 = {http://doi.acm.org/10.1145/1614390.1614394},
	Bdsk-Url-2 = {http://dx.doi.org/10.1145/1614390.1614394}}

@article{Calvary03aunifying,
	Author = {Ga{\"e}lle Calvary and Jo{\"e}lle Coutaz and David Thevenin and Quentin Limbourg and Laurent Bouillon and Jean Vanderdonckt},
	Date-Added = {2014-04-10 12:14:00 +0000},
	Date-Modified = {2014-04-10 12:19:14 +0000},
	Journal = {INTERACTING WITH COMPUTERS},
	Pages = {289--308},
	Rating = {5},
	Title = {A unifying reference framework for multi-target user interfaces},
	Volume = {15},
	Year = {2003},
	Bdsk-File-1 = {YnBsaXN0MDDUAQIDBAUGJCVYJHZlcnNpb25YJG9iamVjdHNZJGFyY2hpdmVyVCR0b3ASAAGGoKgHCBMUFRYaIVUkbnVsbNMJCgsMDxJXTlMua2V5c1pOUy5vYmplY3RzViRjbGFzc6INDoACgAOiEBGABIAFgAdccmVsYXRpdmVQYXRoWWFsaWFzRGF0YV8QG1BhcGllcnMvQ2FsdmFyeS1Jd0MyMDAzLnBkZtIXCxgZV05TLmRhdGFPEQHAAAAAAAHAAAIAAAlNYWNCb29rSEQAAAAAAAAAAAAAAAAAAAAAAADNI36DSCsAAAEuXtsTQ2FsdmFyeS1Jd0MyMDAzLnBkZgAAAAAAAAAAAAAAAAAAAAAAAAAAAAAAAAAAAAAAAAAAAAAAAAAAAAAAAAAAAS5oSs9sV5EAAAAAAAAAAAABAAMAAAkAAAAAAAAAAAAAAAAAAAAAB1BhcGllcnMAABAACAAAzSNwcwAAABEACAAAz2w7cQAAAAEAFAEuXtsADgYbAAUE9wAFBPYAAhAnAAIASE1hY0Jvb2tIRDpVc2VyczoAVmluY2VudDoARG9jdW1lbnRzOgBUaGVzZToAUGFwaWVyczoAQ2FsdmFyeS1Jd0MyMDAzLnBkZgAOACgAEwBDAGEAbAB2AGEAcgB5AC0ASQB3AEMAMgAwADAAMwAuAHAAZABmAA8AFAAJAE0AYQBjAEIAbwBvAGsASABEABIAOi9Vc2Vycy9WaW5jZW50L0RvY3VtZW50cy9UaGVzZS9QYXBpZXJzL0NhbHZhcnktSXdDMjAwMy5wZGYAEwASL1ZvbHVtZXMvTWFjQm9va0hEABUAAgAg//8AAIAG0hscHR5aJGNsYXNzbmFtZVgkY2xhc3Nlc11OU011dGFibGVEYXRhox0fIFZOU0RhdGFYTlNPYmplY3TSGxwiI1xOU0RpY3Rpb25hcnmiIiBfEA9OU0tleWVkQXJjaGl2ZXLRJidUcm9vdIABAAgAEQAaACMALQAyADcAQABGAE0AVQBgAGcAagBsAG4AcQBzAHUAdwCEAI4ArACxALkCfQJ/AoQCjwKYAqYCqgKxAroCvwLMAs8C4QLkAukAAAAAAAACAQAAAAAAAAAoAAAAAAAAAAAAAAAAAAAC6w==},
	Bdsk-Url-1 = {http://iihm.imag.fr/publs/2003/Calvary-IwC2003.pdf}}

@article{dslbestpractices11,
	Author = {Markus V{\"o}lter},
	Date-Added = {2014-03-20 14:04:07 +0000},
	Date-Modified = {2014-03-20 14:13:02 +0000},
	Month = {March},
	Title = {DSL Best Practices},
	Url = {http://www.voelter.de/data/pub/DSLBestPractices-2011Update.pdf},
	Year = {2011},
	Bdsk-Url-1 = {http://www.voelter.de/data/pub/DSLBestPractices-2011Update.pdf}}

@article{declarativedslui,
	Author = {Achim Demelt},
	Date-Added = {2014-03-20 14:03:51 +0000},
	Date-Modified = {2014-03-20 14:12:05 +0000},
	Month = {September},
	Title = {Mission: Impossible--Purely Declarative User Interface Modeling},
	Url = {http://www.infoq.com/presentations/S4-Declarative-DSL-UI},
	Year = {2012},
	Bdsk-Url-1 = {http://www.infoq.com/presentations/S4-Declarative-DSL-UI}}

@webpage{openxava,
	Date-Added = {2014-03-20 14:02:14 +0000},
	Date-Modified = {2014-03-20 14:15:40 +0000},
	Keywords = {automatic code generation ui web entreprise java domain model},
	Title = {OpenXava AJAX Java Framework for Rapid Development of Enterprise Web Applications},
	Url = {http://www.openxava.org},
	Bdsk-Url-1 = {http://www.openxava.org}}

@book{Cycle_V_84,
	Author = {Mc Dermid, John and Ripken, Knut},
	Publisher = {University Press},
	Title = {Life cycle support in the ADA environment},
	Year = {1984}}

@article{Boehm88,
	Author = {Boehm, Barry W.},
	Journal = {IEEE Computer},
	Number = {5},
	Pages = {61-72},
	Title = {A {S}piral {M}odel of {S}oftware {D}evelopment and {E}nhancement},
	Volume = {21},
	Year = {1988}}

@book{star_model,
	Address = {New York, NJ},
	Author = {Hix, Deborah and Hartson, Rex},
	Publisher = {John Wiley},
	Title = {Developping User Interfaces : Ensuring Usability Through Product and Process},
	Year = {1993}}

@inproceedings{rauterberg92,
	Author = {Rauterberg, Matthias},
	Booktitle = {Proceedings of the Fourth International Conference on Software Engineering and Knowledge Engineering},
	Editor = {IEEE},
	Month = {June},
	Title = {An Iterative-Cyclic Software Process Model},
	Year = {1992}}

@article{curtis94,
	Author = {Curtis, Bill and Hefley, Bill},
	Journal = {Interactions},
	Month = {January},
	Pages = {23-34},
	Title = {A {WIMP} {N}o {M}ore: {T}he {M}aturing of {U}ser {I}nterface {E}ngineering},
	Year = {1994}}

@book{collins95,
	Author = {Collins, Dave},
	Month = {January},
	Publisher = {Addison-Wesley Object Technology Series},
	Title = {Designing Object-Oriented User Interfaces},
	Year = {1995}}

@article{Goransson03,
	Author = {G{\"o}ransson, B. and Gulliksen, J. and Boivie, I.},
	Journal = {Software Process: Improvement and Practice (SPIP)},
	Number = {2},
	Title = {The Usability Design Process -- Integrating User-Centered Systems Design in the Software Development Process},
	Volume = {8},
	Year = {2003}}

@misc{ARINC,
	Howpublished = {http://www.aviation-ia.com/aeec/projects/cds/index.html},
	Note = {Airlines Electronic Engineering Committee},
	Title = {A{RINC} 661, {C}ockpit {D}isplay {S}ystem {I}nterfaces to {U}ser {S}ystems}}

@misc{DO330,
	Note = {RTCA,Inc},
	Title = {D{O}330. {S}oftware {T}ool {Q}ualification {C}onsiderations},
	Year = {2012}}

@misc{DO178C,
	Note = {RTCA,Inc},
	Title = {D{O}178{C}. {S}oftware {C}onsideration in {A}irborn {S}ystems and {E}quipment {C}ertification, release C},
	Year = {2012}}

@misc{ESAPSS05,
	Annote = {Revision 1},
	Author = {ESA PSS-05-0},
	Howpublished = {Published by ESA Publications Division. ESTEC, Noordwijk, The Netherlands.},
	Note = {Issue 2, Revision 1},
	Title = {Software {E}ngineering {S}tandards},
	Year = {1994}}

@misc{GKS,
	Annote = {Geneva, Switzerland},
	Author = {ISO},
	Note = {International Organization for Standardization},
	Title = {The {G}raphical {K}ernel {S}ystem ({GKS})},
	Year = {1985}}

@misc{LOTOS,
	Annote = {ISO DP 8807},
	Author = {ISO},
	Note = {Technical Report ISO DP 8807},
	Title = {LOTOS - language of temporal ordering specification},
	Year = {1987}}

@article{Harel97,
	Author = {Harel, D.},
	Journal = {Science of Computer Programming},
	Number = {3},
	Pages = {231-274},
	Title = {Statecharts: {A} visual formalism for complex systems},
	Volume = {8},
	Year = {1987}}

@inproceedings{Petri62,
	Address = {M{\"u}nchen, Germany},
	Author = {Petri, C. A.},
	Booktitle = {Proceedings of IFIP Congress},
	Pages = {386-390},
	Title = {Fundamentals of a theory of asynchronous information flow},
	Year = {1962}}

@article{Mealy55,
	Author = {Mealy, G. H.},
	Journal = {Bell System Technical Journal},
	Number = {5},
	Pages = {1045-1079},
	Title = {A method for synthesizing sequential circuits},
	Volume = {34},
	Year = {1955}}

@article{Moore56,
	Annote = {Princeton, NJ},
	Author = {Moore, E. F.},
	Journal = {Annals of Mathematical Studies},
	Key = {Automata Studies},
	Note = {Princeton University Press},
	Pages = {129-153},
	Title = {Gedanken-experiments on Sequential Machines},
	Volume = {34},
	Year = {1956}}

@article{jacob-cacm-1983,
	Author = {R. J. K. Jacob},
	Journal = {Communications of the ACM},
	Pages = {259-264},
	Title = {Using Formal Specifications in the Design of a Human-Computer Interface},
	Volume = 26,
	Year = 1983}

@article{hartson-survey,
	Author = {H. Rex Hartson and Deborah Hix},
	Journal = {ACM Computing Surveys},
	Pages = {5-92},
	Title = {Human-Computer Interface Development: Concepts and Systems for its Management},
	Volume = 21,
	Year = 1989}

@article{myers-ieeecomputer-90,
	Author = {Brad A. Myers and others},
	Index = {uims, toolkit},
	Journal = {IEEE Computer},
	Keyword = {garnet},
	Month = nov,
	Pages = {71-85},
	Title = {{Garnet}, Comprehensive Support for Graphical, Highly Interactive User Interfaces},
	Year = 1990}

@article{myers-acmtois-90,
	Author = {Brad A. Myers},
	Journal = acmtois,
	Month = jul,
	Pages = {289-320},
	Title = {A new model for handling input},
	Year = 1990}

@inproceedings{myers-uist-91,
	Author = {Brad Myers},
	Booktitle = uist,
	Pages = {211-220},
	Publisher = {Addison-Wesley},
	Title = {Separating application code from toolkits: Eliminating the spaghetti of callbacks},
	Year = 1991}

@inproceedings{chatty-uist-94,
	Author = {{St\'ephane} Chatty},
	Booktitle = uist,
	Month = nov,
	Pages = {195-204},
	Publisher = {Addison-Wesley},
	Title = {Extending a Graphical Toolkit for Two-Handed Interaction},
	Year = 1994}

@inproceedings{lecolinet-uist-03,
	Author = {Eric Lecolinet},
	Booktitle = uist,
	Pages = {135-144},
	Title = {A molecular architecture for creating advanced {GUIs}},
	Year = 2003}

@article{appert-softwarepractice-2008,
	Author = {Caroline Appert and Michel Beaudouin-Lafon},
	Doi = {10.1002/spe.867},
	Journal = {Software: Practice and Experience},
	Number = {11},
	Pages = {1149-1182},
	Publisher = {Wiley},
	Title = {SwingStates: Adding state machines to {Java} and the {Swing} toolkit},
	Volume = {38},
	Year = {2008},
	Bdsk-Url-1 = {http://dx.doi.org/10.1002/spe.867}}

@inproceedings{dragicevic-icmi-2004,
	Author = {Pierre Dragicevic and Jean-Daniel Fekete},
	Booktitle = {Proceedings of the Sixth International Conference on Multimodal Interfaces (ICMI'04)},
	Pages = {212-219},
	Publisher = {ACM Press},
	Title = {Support for Input Adaptability in the ICon Toolkit},
	Year = 2004}

@inproceedings{elliott-icfp-1997,
	Author = {Conal Elliott and Paul Hudak},
	Booktitle = {International Conference on Functional Programming},
	Pages = {263-273},
	Title = {Functional Reactive Animation},
	Url = {http://conal.net/papers/icfp97/},
	Year = 1997,
	Bdsk-Url-1 = {http://conal.net/papers/icfp97/}}

@inproceedings{chatty-uist-2004,
	Author = {{St\'ephane} Chatty and {St\'ephane} Sire and {Jean-Luc} Vinot and Patrick Lecoanet and Christophe Mertz and Alexandre Lemort},
	Booktitle = uist,
	Month = oct,
	Pages = {267-276},
	Publisher = {Addison-Wesley},
	Title = {Revisiting Visual Interface Programming: Creating {GUI} Tools for Designers and Programmers},
	Year = 2004}

@inproceedings{chatty-sc-2008,
	Author = {{St\'ephane} Chatty},
	Booktitle = {Proceedings of the 7th international symposium on software composition},
	Editors = {Cesare Pautasso and Eric Tanter},
	Number = 4954,
	Pages = {173-189},
	Publisher = {Springer Verlag},
	Series = {Lecture Notes in Computer Science},
	Title = {Supporting Multidisciplinary Software Composition for Interactive Applications},
	Year = 2008,
	Bdsk-File-1 = {YnBsaXN0MDDUAQIDBAUGJCVYJHZlcnNpb25YJG9iamVjdHNZJGFyY2hpdmVyVCR0b3ASAAGGoKgHCBMUFRYaIVUkbnVsbNMJCgsMDxJXTlMua2V5c1pOUy5vYmplY3RzViRjbGFzc6INDoACgAOiEBGABIAFgAdccmVsYXRpdmVQYXRoWWFsaWFzRGF0YV8QMlBhcGllcnMvc29mdHdhcmVjb21wb3NpdGlvbjNBOTc4LTMtNTQwLTc4Nzg5LTEucGRm0hcLGBlXTlMuZGF0YU8RAhIAAAAAAhIAAgAACU1hY0Jvb2tIRAAAAAAAAAAAAAAAAAAAAAAAAM0jfoNIKwAAAS5e2x9zb2Z0d2FyZWNvbXBvc2l0aW9uIzEyRUUxNDkucGRmAAAAAAAAAAAAAAAAAAAAAAAAAAAAAAAAAAAAAAAAAAABLuFJz3GdjgAAAAAAAAAAAAEAAwAACQAAAAAAAAAAAAAAAAAAAAAHUGFwaWVycwAAEAAIAADNI3BzAAAAEQAIAADPcYFuAAAAAQAUAS5e2wAOBhsABQT3AAUE9gACECcAAgBUTWFjQm9va0hEOlVzZXJzOgBWaW5jZW50OgBEb2N1bWVudHM6AFRoZXNlOgBQYXBpZXJzOgBzb2Z0d2FyZWNvbXBvc2l0aW9uIzEyRUUxNDkucGRmAA4AVgAqAHMAbwBmAHQAdwBhAHIAZQBjAG8AbQBwAG8AcwBpAHQAaQBvAG4AMwBBADkANwA4AC0AMwAtADUANAAwAC0ANwA4ADcAOAA5AC0AMQAuAHAAZABmAA8AFAAJAE0AYQBjAEIAbwBvAGsASABEABIAUS9Vc2Vycy9WaW5jZW50L0RvY3VtZW50cy9UaGVzZS9QYXBpZXJzL3NvZnR3YXJlY29tcG9zaXRpb24zQTk3OC0zLTU0MC03ODc4OS0xLnBkZgAAEwASL1ZvbHVtZXMvTWFjQm9va0hEABUAAgAg//8AAIAG0hscHR5aJGNsYXNzbmFtZVgkY2xhc3Nlc11OU011dGFibGVEYXRhox0fIFZOU0RhdGFYTlNPYmplY3TSGxwiI1xOU0RpY3Rpb25hcnmiIiBfEA9OU0tleWVkQXJjaGl2ZXLRJidUcm9vdIABAAgAEQAaACMALQAyADcAQABGAE0AVQBgAGcAagBsAG4AcQBzAHUAdwCEAI4AwwDIANAC5gLoAu0C+AMBAw8DEwMaAyMDKAM1AzgDSgNNA1IAAAAAAAACAQAAAAAAAAAoAAAAAAAAAAAAAAAAAAADVA==}}

@inproceedings{Tyson90,
	Author = {Tyson, R. H. and Scott E. H. and Gary L. N.},
	Booktitle = {Proceedings of the 3rd annual ACM SIGGRAPH symposium on User Interface Software and Technology},
	Pages = {112-122},
	Publisher = {ACM Press},
	Title = {Integrating gesture and snapping into a user interface toolkit},
	Year = {1990}}

@inproceedings{Blanch02,
	Author = {Blanch, Renaud},
	Booktitle = {Actes de la 14{\`e}me conf{\'e}rence francophone sur l'Interaction Homme-Machine ({IHM} 2002)},
	Doi = {http://doi.acm.org/10.1145/777005.777023},
	Pages = {129-136},
	Pdf = {http://iihm.imag.fr/publs/2002/blanch-ihm02-hsm.pdf},
	Title = {Programmer l'interaction avec des machines {\`a} {\'e}tats hi{\'e}rarchiques},
	Uri = {http://iihm.imag.fr/publication/B02a/},
	Url = {http://iihm.imag.fr/blanch/publications/ihm2002/},
	Year = {2002},
	Bdsk-Url-1 = {http://iihm.imag.fr/blanch/publications/ihm2002/},
	Bdsk-Url-2 = {http://doi.acm.org/10.1145/777005.777023}}

@inproceedings{Blanch06,
	Author = {Blanch, Renaud and Beaudouin-Lafon, Michel},
	Booktitle = {Proceedings of the working conference on Advanced Visual Interfaces ({AVI} 2006)},
	Doi = {http://doi.acm.org/10.1145/1133265.1133275},
	Pages = {51-58},
	Pdf = {http://iihm.imag.fr/publs/2006/blanch-avi2006-hsmtk.pdf},
	Title = {Programming Rich Interactions using the Hierarchical State Machine Toolkit},
	Type_Publi = {icolcomlec},
	Uri = {http://iihm.imag.fr/publication/BB06a/},
	X-Editorial-Board = {yes},
	X-International-Audience = {yes},
	X-Invited-Conference = {no},
	X-Proceedings = {yes},
	X-Scientific-Popularization = {no},
	Year = {2006},
	Bdsk-Url-1 = {http://doi.acm.org/10.1145/1133265.1133275}}

@article{Jacob99,
	Author = {Robert J. K. Jacob and Leonidas Deligiannidis and Stephen Morrison},
	Journal = {ACM Transactions on Computer-Human Interaction},
	Pages = {1--46},
	Title = {A Software Model and Specification Language for Non-WIMP User Interfaces},
	Volume = {6},
	Year = {1999}}

@book{Jensen95,
	Address = {London, UK, UK},
	Author = {Jensen, Kurt},
	Isbn = {3-540-58276-2},
	Publisher = {Springer-Verlag},
	Title = {Coloured Petri nets: basic concepts, analysis methods and practical use, vol. 2},
	Year = {1995}}

@inproceedings{Accot97,
	Author = {Accot, Johnny and Chatty, St{\'e}phane and Maury, S{\'e}bastien and Palanque, Philippe A.},
	Biburl = {http://www.bibsonomy.org/bibtex/2df0b32c6f085070d9d5214e4b4e9ca60/dblp},
	Booktitle = {DSV-IS},
	Date = {2006-11-02},
	Description = {dblp},
	Editor = {Harrison, Michael D. and Torres, Juan Carlos},
	Isbn = {3-211-83055-3},
	Keywords = {dblp},
	Pages = {143-159},
	Publisher = {Springer},
	Timestamp = {2006-11-02T00:00:00.000+0100},
	Title = {Formal transducers: Models of devices and building bricks for the design of highly interactive systems.},
	Url = {http://dblp.uni-trier.de/db/conf/dsvis/dsvis1997.html#AccotCMP97},
	Year = 1997,
	Bdsk-Url-1 = {http://dblp.uni-trier.de/db/conf/dsvis/dsvis1997.html#AccotCMP97}}

@inproceedings{palanque93,
	Author = {Palanque, Philipe and Bastide, R{\'e}mi},
	Booktitle = {Proceedings of the IEEE Conference on System Man and Cybernetics},
	Month = {October},
	Publisher = {Elsevier Science Publisher},
	Title = {Interactive Cooperative Objects : an Object-Oriented Formalism Based on Petri Nets for User Interface Design},
	Year = {1993}}

@article{palanque97,
	Author = {Palanque, Philipe and Bastide, R{\'e}mi},
	Journal = {Interacting with Computers},
	Number = {2},
	Pages = {129-153},
	Title = {Synergistic modelling of tasks, users and systems using formal specification techniques},
	Volume = {9},
	Year = {1997}}

@inproceedings{Bastide02,
	Acmid = {506457},
	Address = {New York, NY, USA},
	Author = {Bastide, R{\'e}mi and Navarre, David and Palanque, Philippe},
	Booktitle = {CHI '02 Extended Abstracts on Human Factors in Computing Systems},
	Doi = {10.1145/506443.506457},
	Isbn = {1-58113-454-1},
	Keywords = {formal description techniques, model-based approaches, safety critical systems},
	Location = {Minneapolis, Minnesota, USA},
	Numpages = {2},
	Pages = {516--517},
	Publisher = {ACM},
	Series = {CHI EA '02},
	Title = {A model-based tool for interactive prototyping of highly interactive applications},
	Url = {http://doi.acm.org/10.1145/506443.506457},
	Year = {2002},
	Bdsk-Url-1 = {http://doi.acm.org/10.1145/506443.506457},
	Bdsk-Url-2 = {http://dx.doi.org/10.1145/506443.506457}}

@inproceedings{Schyn03,
	Abstract = {M{\^e}me si la plupart des travaux dans le domaine de l¿Interaction Homme-Machine semblent mettre l¿accent sur l¿utilisation de techniques d¿interaction avanc{\'e}es comme la multimodalit{\'e} ou la r{\'e}alit{\'e} virtuelle, les syst{\`e}mes critiques montrent, quant {\`a} eux, que l¿utilisabilit{\'e} de telles techniques n¿est qu¿un des grands probl{\`e}mes auxquels doit faire face le concepteur de tels syst{\`e}mes, au c{\^o}t{\'e} des probl{\`e}mes de fiabilit{\'e} et d¿efficacit{\'e}. Cet article pr{\'e}sente, {\`a} travers l¿{\'e}tude d¿un exemple issu du domaine de la r{\'e}alit{\'e} virtuelle, l¿extension de travaux pr{\'e}c{\'e}dents dans le domaine des techniques de description formelle pour les syst{\`e}mes interactifs, en ajoutant au formalisme des ICO des {\'e}l{\'e}ments permettant de mod{\'e}liser des applications multimodales.},
	Author = {Schyn, Am{\'e}lie and Navarre, David and Palanque, Philippe and Porcher Nedel, Luciana},
	Booktitle = {{IHM'2003: 15th French Speaking conference on human-computer interaction, Caen, France, 24/11/2003-28/11/2003}},
	Keywords = {Sp{\'e}cification formelle, interfaces multimodales, techniques d¿interaction.},
	Month = {novembre},
	Pages = {150--157},
	Publisher = {ACM Press},
	Title = {{Description Formelle d'une Technique d'Interaction Multimodale dans une Application de R{\'e}alit{\'e} Virtuelle Immersive }},
	Url = {http://liihs.irit.fr/schyn/},
	Year = {2003},
	Bdsk-Url-1 = {http://liihs.irit.fr/schyn/}}

@inproceedings{Dix85,
	Author = {Dix, A. and Runciman, C.},
	Booktitle = {Proceedings of the HCI'85 Conference on People and Computers: Designing the Interface},
	Pages = {13-22},
	Title = {Abstract models of interactive systems},
	Year = {1985}}

@inproceedings{Paterno92,
	Author = {Patern{\`o}, F. and Faconti, G.},
	Booktitle = {Proceedings of the HCI'92 Conference on People and Computers},
	Pages = {155-173},
	Title = {On the use of {LOTOS} to describe graphical interaction},
	Year = {1992}}

@inproceedings{nousdsvis96,
	Address = {Namur, Belgium},
	Author = {Ausbourg (d'), B. and Durrieu, G. and Roch\'e, P.},
	Booktitle = {Proceedings of the Eurographics Workshop DSV-IS'96},
	Month = {June},
	Title = {{Deriving a formal model of an interactive system from its UIL description in order to verify and to test its behaviour}},
	Year = {1996}}

@inproceedings{halbwachs91,
	Author = {Halbwachs, Nicolas and Caspi, Paul and Raymond, Pascal and Pilaud, Daniel},
	Booktitle = {Proceedings of IEEE},
	Date-Modified = {2014-04-13 19:54:50 +0000},
	Keywords = {lustre, synchronous, programming language},
	Month = {September},
	Number = {9},
	Pages = {1305-1320},
	Series = {79},
	Title = {{The synchronous dataflow programming language Lustre}},
	Year = {1991}}

@inproceedings{dsvis98,
	Author = {B. Ausbourg(d')},
	Booktitle = {Design, Specification and Verification of Interactive Systems '98},
	Editor = {P. Markopoulos and P. Johnson},
	Month = {June},
	Organization = {Eurographics},
	Publisher = {Springer},
	Title = {Using {M}odel {C}hecking for the {A}utomatic {V}alidation of {U}ser {I}nterfaces {S}ystems},
	Year = {1998}}

@inproceedings{ausbourg98,
	Added-At = {2012-05-14T00:00:00.000+0200},
	Author = {d'Ausbourg, Bruno and Seguin, Christel and Durrieu, Guy and Roch{\'e}, Pierre},
	Biburl = {http://www.bibsonomy.org/bibtex/2375fdbfe7256e9ad8cc1206707f2f2d2/dblp},
	Booktitle = {ICSE},
	Editor = {Torii, Koji and Futatsugi, Kokichi and Kemmerer, Richard A.},
	Ee = {http://doi.ieeecomputersociety.org/10.1109/ICSE.1998.671121},
	Interhash = {1d8dddbd2610de45ea232c329e2fc69b},
	Intrahash = {375fdbfe7256e9ad8cc1206707f2f2d2},
	Isbn = {0-8186-8368-6},
	Keywords = {dblp},
	Pages = {219-228},
	Publisher = {IEEE Computer Society},
	Timestamp = {2012-05-14T00:00:00.000+0200},
	Title = {Helping the Automated Validation Process of User Interfaces Systems.},
	Url = {http://dblp.uni-trier.de/db/conf/icse/icse98.html#dAusbourgSDR98},
	Year = 1998,
	Bdsk-Url-1 = {http://dblp.uni-trier.de/db/conf/icse/icse98.html#dAusbourgSDR98}}

@inproceedings{yamine00,
	Acmid = {743531},
	Address = {London, UK, UK},
	Author = {Ameur, Yamine A\"{\i}t},
	Booktitle = {Proceedings of the Second International Conference on Integrated Formal Methods},
	Isbn = {3-540-41196-8},
	Numpages = {20},
	Pages = {136--155},
	Publisher = {Springer-Verlag},
	Series = {IFM '00},
	Title = {Cooperation of Formal Methods in an Engineering Based Software Development Process},
	Url = {http://dl.acm.org/citation.cfm?id=647982.743531},
	Year = {2000},
	Bdsk-Url-1 = {http://dl.acm.org/citation.cfm?id=647982.743531}}

@inproceedings{yamine98a,
	Author = {Yamine Ait-ameur and Patrick Girard and Francis Jambon},
	Booktitle = {in Eurographics Workshop on Design, Specification, and Verification of Interactive Systems (DSVIS'98), Vol. Proceedings (Eds, Markopoulos},
	Pages = {333--352},
	Title = {A Uniform Approach for Specification and Design of Interactive Systems: the B Method},
	Year = {1998}}

@inproceedings{yamine98b,
	Author = {Yamine A{\"\i}t Ameur and Patrick Girard and Francis Jambon},
	Bibsource = {DBLP, http://dblp.uni-trier.de},
	Booktitle = {Engineering for Human-Computer Interaction},
	Date-Modified = {2014-04-10 10:55:43 +0000},
	Pages = {91-109},
	Title = {Using the B Formal Approach for Incremental Specification Design of Interactiv Systems},
	Year = {1998}}

@book{Abrial96,
	Address = {New York, NY, USA},
	Author = {Abrial, J.-R.},
	Isbn = {0-521-49619-5},
	Publisher = {Cambridge University Press},
	Title = {The B-book: assigning programs to meanings},
	Year = {1996}}

@techreport{BEA12,
	Author = {BEA},
	Institution = {Direction G{\'e}n{\'e}rale de l'Aviation Civile},
	Month = {Juillet},
	Note = {\url{http://www.bea.aero/docspa/2009/f-cp090601/pdf/f-cp090601.pdf}},
	Title = {Rapport final sur l'accident survenu le 1er juin 2009 {\`a} l'{A}irbus {A}330-203 immatricul{\'e} {F-GZCP} exploit{\'e} par {A}ir {F}rance, vol {AF} 447 {R}io de {J}aneiro - {P}aris},
	Year = {2012}}

@misc{UsiXML,
	Howpublished = {\url{http://www.usixml.eu/}},
	Key = {{ITEA2} {P}roject},
	Title = {{US}er {I}nterface e{X}tended {M}arkup {L}anguage},
	Bdsk-File-1 = {YnBsaXN0MDDUAQIDBAUGJCVYJHZlcnNpb25YJG9iamVjdHNZJGFyY2hpdmVyVCR0b3ASAAGGoKgHCBMUFRYaIVUkbnVsbNMJCgsMDxJXTlMua2V5c1pOUy5vYmplY3RzViRjbGFzc6INDoACgAOiEBGABIAFgAdccmVsYXRpdmVQYXRoWWFsaWFzRGF0YV8QJFBhcGllcnMvVVNJWE1MLVdQMTA1VmFuZGVyZG9uY2t0LnBkZtIXCxgZV05TLmRhdGFPEQHmAAAAAAHmAAIAAAlNYWNCb29rSEQAAAAAAAAAAAAAAAAAAAAAAADNI36DSCsAAAEuXtscVVNJWE1MLVdQMTA1VmFuZGVyZG9uY2t0LnBkZgAAAAAAAAAAAAAAAAAAAAAAAAAAAAAAAAAAAAAAAAAAAAAAAS5i789sL3EAAAAAAAAAAAABAAMAAAkAAAAAAAAAAAAAAAAAAAAAB1BhcGllcnMAABAACAAAzSNwcwAAABEACAAAz2wTUQAAAAEAFAEuXtsADgYbAAUE9wAFBPYAAhAnAAIAUU1hY0Jvb2tIRDpVc2VyczoAVmluY2VudDoARG9jdW1lbnRzOgBUaGVzZToAUGFwaWVyczoAVVNJWE1MLVdQMTA1VmFuZGVyZG9uY2t0LnBkZgAADgA6ABwAVQBTAEkAWABNAEwALQBXAFAAMQAwADUAVgBhAG4AZABlAHIAZABvAG4AYwBrAHQALgBwAGQAZgAPABQACQBNAGEAYwBCAG8AbwBrAEgARAASAEMvVXNlcnMvVmluY2VudC9Eb2N1bWVudHMvVGhlc2UvUGFwaWVycy9VU0lYTUwtV1AxMDVWYW5kZXJkb25ja3QucGRmAAATABIvVm9sdW1lcy9NYWNCb29rSEQAFQACACD//wAAgAbSGxwdHlokY2xhc3NuYW1lWCRjbGFzc2VzXU5TTXV0YWJsZURhdGGjHR8gVk5TRGF0YVhOU09iamVjdNIbHCIjXE5TRGljdGlvbmFyeaIiIF8QD05TS2V5ZWRBcmNoaXZlctEmJ1Ryb290gAEACAARABoAIwAtADIANwBAAEYATQBVAGAAZwBqAGwAbgBxAHMAdQB3AIQAjgC1ALoAwgKsAq4CswK+AscC1QLZAuAC6QLuAvsC/gMQAxMDGAAAAAAAAAIBAAAAAAAAACgAAAAAAAAAAAAAAAAAAAMa}}

@article{jsc2010,
	Author = {Horatiu Cirstea and Claude Kirchner and Radu Kopetz and Pierre-Etienne Moreau},
	Journal = {Journal of Symbolic Computation},
	Number = {5},
	Pages = {523 - 550},
	Title = {Anti-patterns for rule-based languages},
	Volume = {45},
	Year = {2010}}

@inproceedings{ruleml2009,
	Author = {Horatiu Cirstea and Pierre-Etienne Moreau and Antoine Reilles},
	Booktitle = {International RuleML Symposium on Rule Interchange and Applications},
	Pages = {262-271},
	Publisher = {Springer},
	Series = {Lecture Notes in Computer Science},
	Title = {{TomML}: A Rule Language For Structured Data},
	Volume = {5858},
	Year = {2009}}

@inproceedings{wrs10,
	Author = {Tony Bourdier and Horatiu Cirstea and Daniel J. Dougherty and H{\'e}l{\`e}ne Kirchner},
	Pages = {1--19},
	Publisher = {Open Publishing Association},
	Series = {Electronic Proceedings in Theoretical Computer Science},
	Title = {Extensional and Intensional Strategies},
	Volume = {15},
	Year = {2010}}

@inproceedings{ASF-Industrial-96,
	Author = {van den Brand,M. and van Deursen, A. and Klint, P. and Klusener, S. and van der Meulen, E. A.},
	Booktitle = {{AMAST '96}},
	Editor = {Wirsing, M. and Nivat, M.},
	Pages = {9-18},
	Publisher = {Springer-Verlag},
	Series = {Lecture Notes in Computer Science},
	Title = {Industrial Applications of {ASF+SDF}},
	Volume = 1101,
	Year = {1996}}

@book{GirardLafontTaylor89,
	Author = {Girard, J.-Y. and Lafont, Y. and Taylor, P.},
	Date-Modified = {2007-03-12 12:24:39 +0100},
	Publisher = {Cambridge University Press},
	Series = {Cambridge Tracts in Theoretical Computer Science},
	Title = {Proofs and Types},
	Volume = {7},
	Year = {1989}}

@article{JouannaudKirchnerSIAM86,
	Author = {Jouannaud, Jean-Pierre and Kirchner, H{\'e}l{\`e}ne},
	Date-Modified = {2007-04-06 22:19:31 +0200},
	Journal = {{SIAM} Journal of Computing},
	Number = {4},
	Pages = {1155--1194},
	Title = {Completion of a set of rules modulo a set of Equations},
	Volume = 15,
	Year = 1986}

@incollection{JouannaudKirchner-rob91,
	Address = {Cambridge (MA, USA)},
	Author = {Jouannaud, J.-P. and Kirchner, Claude},
	Booktitle = {Computational {L}ogic. {E}ssays in honor of {A}lan {R}obinson},
	Chapter = {8},
	Date-Modified = {2007-03-12 12:24:40 +0100},
	Editor = {Lassez, Jean-Louis and Plotkin, G.},
	Pages = {257--321},
	Publisher = {The {MIT} press},
	Title = {Solving equations in abstract algebras: a rule-based survey of unification},
	Year = {1991}}

@inproceedings{pnueli98,
	Author = {Pnueli, Amir and Siegel, Michael and Singerman, Eli},
	Booktitle = {Proceedings of the 4th International Conference on Tools and Algorithms for Construction and Analysis of Systems},
	Pages = {151--166},
	Publisher = {Springer-Verlag},
	Title = {Translation Validation},
	Year = {1998}}

@inproceedings{BallandBKMR-RTA2007,
	Author = {Balland, Emilie and Brauner, Paul and Kopetz, Radu and Moreau, Pierre-Etienne and Reilles, Antoine},
	Booktitle = {Proceedings of the 18th Conference on Rewriting Techniques and Applications},
	Pages = {36--47},
	Publisher = {Springer-Verlag},
	Rate = {(27/69, 39\%)},
	Series = {Lecture Notes in Computer Science},
	Title = {Tom: Piggybacking Rewriting on Java},
	Volume = {4533},
	Year = {2007}}

@article{rhoIGLP-II-2001,
	Author = {Cirstea, Horatiu and Kirchner, Claude},
	Journal = {Logic Journal of the Interest Group in Pure and Applied Logics},
	Month = may,
	Number = {3},
	Pages = {465--498},
	Title = {The rewriting calculus --- {Part~II}},
	Volume = {9},
	Year = {2001}}

@inproceedings{Choitat:2011:SWI:1978582.1978592,
	Acmid = {1978592},
	Address = {New York, NY, USA},
	Author = {Choitat, A. Tankeu and Fabre, J.-C. and Palanque, P. and Navarre, D. and Deleris, Y.},
	Booktitle = {Proceedings of the 13th European Workshop on Dependable Computing},
	Doi = {http://doi.acm.org/10.1145/1978582.1978592},
	Isbn = {978-1-4503-0284-5},
	Keywords = {Petri nets, fault-tolerance, formal method, interactive application},
	Location = {Pisa, Italy},
	Numpages = {6},
	Pages = {43--48},
	Publisher = {ACM},
	Series = {EWDC '11},
	Title = {Self-checking widgets for interactive cockpits},
	Url = {http://doi.acm.org/10.1145/1978582.1978592},
	Year = {2011},
	Bdsk-Url-1 = {http://doi.acm.org/10.1145/1978582.1978592}}

@inproceedings{bolton2011,
	Author = {Bolton, M.L. and Bass, E.J.},
	Booktitle = {Systems, Man, and Cybernetics (SMC), 2011 IEEE International Conference on},
	Date-Modified = {2014-04-14 12:30:43 +0000},
	Doi = {10.1109/ICSMC.2011.6083931},
	Issn = {1062-922X},
	Keywords = {complex failure;erroneous human behavior;formal system model;human-automation interaction;modeled strategic knowledge manipulation;patient-controlled analgesia pump;safety property;safety-critical system;strategic knowledge-based erroneous human behavior generation;task analytic behavior model;task model checking;behavioural sciences computing;formal verification;human computer interaction;knowledge based systems;safety-critical software;task analysis;},
	Month = {oct.},
	Pages = {1788 -1794},
	Title = {Evaluating human-automation interaction using task analytic behavior models, strategic knowledge-based erroneous human behavior generation, and model checking},
	Year = {2011},
	Bdsk-Url-1 = {http://dx.doi.org/10.1109/ICSMC.2011.6083931},
	Bdsk-File-1 = {YnBsaXN0MDDUAQIDBAUGJCVYJHZlcnNpb25YJG9iamVjdHNZJGFyY2hpdmVyVCR0b3ASAAGGoKgHCBMUFRYaIVUkbnVsbNMJCgsMDxJXTlMua2V5c1pOUy5vYmplY3RzViRjbGFzc6INDoACgAOiEBGABIAFgAdccmVsYXRpdmVQYXRoWWFsaWFzRGF0YV8QHVBhcGllcnMvQmlibGlvL2JvbHRvbjIwMTEucGRm0hcLGBlXTlMuZGF0YU8RAb4AAAAAAb4AAgAACU1hY0Jvb2tIRAAAAAAAAAAAAAAAAAAAAAAAAM0jfoNIKwAAASIv6A5ib2x0b24yMDExLnBkZgAAAAAAAAAAAAAAAAAAAAAAAAAAAAAAAAAAAAAAAAAAAAAAAAAAAAAAAAAAAAAAAAABIi/sy3E9BgAAAAAAAAAAAAEABAAACQAAAAAAAAAAAAAAAAAAAAAGQmlibGlvABAACAAAzSNwcwAAABEACAAAy3Eu9gAAAAEAGAEiL+gBLl7bAA4GGwAFBPcABQT2AAIQJwACAEtNYWNCb29rSEQ6VXNlcnM6AFZpbmNlbnQ6AERvY3VtZW50czoAVGhlc2U6AFBhcGllcnM6AEJpYmxpbzoAYm9sdG9uMjAxMS5wZGYAAA4AHgAOAGIAbwBsAHQAbwBuADIAMAAxADEALgBwAGQAZgAPABQACQBNAGEAYwBCAG8AbwBrAEgARAASADwvVXNlcnMvVmluY2VudC9Eb2N1bWVudHMvVGhlc2UvUGFwaWVycy9CaWJsaW8vYm9sdG9uMjAxMS5wZGYAEwASL1ZvbHVtZXMvTWFjQm9va0hEABUAAgAg//8AAIAG0hscHR5aJGNsYXNzbmFtZVgkY2xhc3Nlc11OU011dGFibGVEYXRhox0fIFZOU0RhdGFYTlNPYmplY3TSGxwiI1xOU0RpY3Rpb25hcnmiIiBfEA9OU0tleWVkQXJjaGl2ZXLRJidUcm9vdIABAAgAEQAaACMALQAyADcAQABGAE0AVQBgAGcAagBsAG4AcQBzAHUAdwCEAI4ArgCzALsCfQJ/AoQCjwKYAqYCqgKxAroCvwLMAs8C4QLkAukAAAAAAAACAQAAAAAAAAAoAAAAAAAAAAAAAAAAAAAC6w==}}

@phdthesis{Cortier2008,
	Author = {Cortier, Alexandre},
	Owner = {root},
	School = {Universite Paul Sabatier - Institut Sup\'erieur de l'A\'eronautique et de l'Espace (ISAE-Supaero)},
	Timestamp = {2008.11.23},
	Title = {Contribution \`a la validation formelle de syst\`emes interactifs Java},
	Url = {http://alexandre.cortier.free.fr},
	Year = {2008},
	Bdsk-Url-1 = {http://alexandre.cortier.free.fr}}

@phdthesis{madani2007,
	Author = {Laya Madani},
	School = {Universit\'e Joseph Fourier - Grenoble 1},
	Timestamp = {2008.10.29},
	Title = {Utilisation de la programmation synchrone pour la sp\'ecification et la validation de services interactifs},
	Year = {2007}}

@article{Paterno:2002:PUE:637329.637332,
	Acmid = {637332},
	Address = {Duluth, MN, USA},
	Author = {Patern\`{o}, Fabio and Santoro, Carmen},
	Doi = {10.1006/ijhc.2001.0523},
	Issn = {1071-5819},
	Issue = {2},
	Journal = {Int. J. Hum.-Comput. Stud.},
	Keywords = {inspection-based evaluation, model-based evaluation, safety and usability, task models},
	Month = {February},
	Numpages = {21},
	Pages = {225--245},
	Publisher = {Academic Press, Inc.},
	Title = {Preventing user errors by systematic analysis of deviations from the system task model},
	Url = {http://dl.acm.org/citation.cfm?id=637329.637332},
	Volume = {56},
	Year = {2002},
	Bdsk-Url-1 = {http://dl.acm.org/citation.cfm?id=637329.637332},
	Bdsk-Url-2 = {http://dx.doi.org/10.1006/ijhc.2001.0523}}

@article{Navarre:2009:IMU:1614390.1614393,
	Acmid = {1614393},
	Address = {New York, NY, USA},
	Articleno = {18},
	Author = {Navarre, David and Palanque, Philippe and Ladry, Jean-Francois and Barboni, Eric},
	Doi = {http://doi.acm.org/10.1145/1614390.1614393},
	Issn = {1073-0516},
	Issue = {4},
	Issue_Date = {November 2009},
	Journal = {ACM Trans. Comput.-Hum. Interact.},
	Keywords = {User interface description language, formal description techniques, interactive prototyping, interactive software engineering, model-based approaches, safety-critical interactive systems},
	Month = {November},
	Numpages = {56},
	Pages = {18:1--18:56},
	Publisher = {ACM},
	Title = {ICOs: A model-based user interface description technique dedicated to interactive systems addressing usability, reliability and scalability},
	Url = {http://doi.acm.org/10.1145/1614390.1614393},
	Volume = {16},
	Year = {2009},
	Bdsk-Url-1 = {http://doi.acm.org/10.1145/1614390.1614393}}

@article{Foley:1974:ANG:988026.988037,
	Acmid = {988037},
	Address = {New York, NY, USA},
	Author = {Foley, J. D. and Wallace, V. L.},
	Doi = {10.1145/988026.988037},
	Issn = {0097-8930},
	Issue_Date = {Fall 1974},
	Journal = {SIGGRAPH Comput. Graph.},
	Month = sep,
	Number = {3},
	Numpages = {1},
	Pages = {87--87},
	Publisher = {ACM},
	Title = {The art of natural graphic man-machine conversation},
	Url = {http://doi.acm.org/10.1145/988026.988037},
	Volume = {8},
	Year = {1974},
	Bdsk-Url-1 = {http://doi.acm.org/10.1145/988026.988037},
	Bdsk-Url-2 = {http://dx.doi.org/10.1145/988026.988037}}

@inproceedings{Parnas:1969:UTD:800195.805945,
	Acmid = {805945},
	Address = {New York, NY, USA},
	Author = {Parnas, David L.},
	Booktitle = {Proceedings of the 1969 24th national conference},
	Doi = {10.1145/800195.805945},
	Numpages = {7},
	Pages = {379--385},
	Publisher = {ACM},
	Series = {ACM '69},
	Title = {On the use of transition diagrams in the design of a user interface for an interactive computer system},
	Url = {http://doi.acm.org/10.1145/800195.805945},
	Year = {1969},
	Bdsk-Url-1 = {http://doi.acm.org/10.1145/800195.805945},
	Bdsk-Url-2 = {http://dx.doi.org/10.1145/800195.805945}}

@article{Heymann2007,
	Abstract = {We present a formal approach and methodology for the analysis and generation of user interfaces, with special emphasis on human-automation interaction.},
	Author = {Heymann, Michael and Degani, Asaf},
	File = {:Users/jfc/Work/Mendeley Library/Heymann, Degani - 2007 - Formal analysis and automatic generation of user interfaces approach, methodology, and an algorithm.pdf:pdf},
	Issn = {0018-7208},
	Journal = {Human Factors},
	Keywords = {Algorithms,Computer User Training,Computer User Training: methods,Computer User Training: standards,DohertyCH00,Humans,Man-Machine Systems,Manuals as Topic,Manuals as Topic: standards,Models,Theoretical,User-Computer Interface},
	Mendeley-Tags = {DohertyCH00},
	Month = apr,
	Number = {2},
	Pages = {311--30},
	Pmid = {17447671},
	Title = {{Formal analysis and automatic generation of user interfaces: approach, methodology, and an algorithm.}},
	Url = {http://www.ncbi.nlm.nih.gov/pubmed/17447671},
	Volume = {49},
	Year = {2007},
	Bdsk-Url-1 = {http://www.ncbi.nlm.nih.gov/pubmed/17447671}}

@manual{ARINC661,
	Day = {7},
	Edition = {Supplement 5, Draft 1},
	Month = {March},
	Organization = {ARINC},
	Title = {Specification 661},
	Url = {http://www.aviation-ia.com/aeec/projects/cds/index.html},
	Year = {2012},
	Bdsk-Url-1 = {http://www.aviation-ia.com/aeec/projects/cds/index.html}}

@inproceedings{Bass91,
	Address = {Seeheim},
	Author = {Bass, L. and Little, R. and Pellegrino, R. and Reed, S. and Seacord, R. and Shepard, S. and Szezur, M.R.},
	Booktitle = {Proceedings of the 1991 User Interface Developers' Workshop},
	Publisher = {ACM},
	Title = {The Arch model: Seeheim revisited},
	Year = {1991}}

@techreport{Duke-Harrison93b,
	Author = {Duke, D. and Harrison, M},
	Institution = {Amodeus {E}sprit {B}asic {R}esearch {P}roject},
	Note = {System {M}odelling/WP6},
	Number = {7040},
	Title = {Towards a {T}heory of {I}nteractors},
	Year = {1993}}

@inproceedings{Bumbulis96,
	Author = {Bumbulis, P. and Alencar, P. and Cowan, D. and Lucena, C.},
	Booktitle = {Eurographics Workshop on Design, Specification, and Verification of Interactive Systems (DSV-IS'96)},
	Editor = {Springer Verlag},
	Pages = {347-365},
	Title = {Validating {P}roperties of {C}omponent-{B}ased {G}raphical {U}ser {I}nterfaces.},
	Year = {1996}}

@inproceedings{yamine04,
	Address = {Toulouse},
	Author = {A{\"\i}t-Ameur, Y. and Br{\'e}hol{\'e}e, B and Girard, P. and Guittet, L. and Jambon, F.},
	Booktitle = {Conference of Human Error, Safety and Systems Development, HESSD},
	Title = {Formal verification and validation of interactive systems specifications. From informal specitications to formal validation},
	Year = {2004}}

@article{Navarre03,
	Author = {Bastide, R{\'e}mi and Navarre, David and Palanque, Philippe},
	Journal = {Interacting with Computers},
	Month = {juin},
	Number = {3},
	Pages = {309--328},
	Publisher = {Elsevier},
	Title = {{A tool-supported design framework for safety critical interactive systems}},
	Url = {http://dx.doi.org/10.1016/S0953-5438(03)00011-0},
	Volume = {15},
	Year = {2003},
	Bdsk-Url-1 = {http://dx.doi.org/10.1016/S0953-5438(03)00011-0}}

@inproceedings{Campos97,
	Author = {Campos, Jos{\'e} Creissac and Harrison, Michael D.},
	Booktitle = {Eurographics Workshop on Design, Specification, and Verification of Interactive Systems (DSV-IS'97)},
	Date = {2006-11-02},
	Editor = {Harrison, Michael D. and Torres, Juan Carlos},
	Pages = {109-124},
	Publisher = {Springer},
	Title = {Formally verifying interactive systems: A review.},
	Year = 1997}

@inproceedings{Palanque95,
	Address = {London, UK, UK},
	Author = {Palanque, Philippe A. and Bastide, R{\'e}mi and Seng\`{e}s, V.},
	Booktitle = {Proceedings of the IFIP TC2/WG2.7 Working Conference on Engineering for Human-Computer Interaction},
	Pages = {189--212},
	Publisher = {Chapman \& Hall, Ltd.},
	Title = {Validating interactive system design through the verification of formal task and system models},
	Year = {1996}}

@article{Rushby01,
	Author = {John M. Rushby},
	Journal = {Electr. Notes Theor. Comput. Sci.},
	Pages = {1-14},
	Title = {Analyzing Cockpit Interfaces Using Formal Methods},
	Volume = {43},
	Year = {2001}}
